3575 5884
667 841 933 953 ‘··sna.:‘
1358 866 1444 959 m

209 1060 390 1149 demum
413 1054 502 1132 adeo
518 1074 560 1131 ut
576 1051 725 1133 biennio
748 1077 822 1131 non
848 1054 958 1133 fuerit
980 1056 1038 1133 vir
1056 1046 1246 1135 consularis
1269 1058 1308 1134 in
1325 1058 1451 1158 syria:

210 1156 381 1234 Praefuit
406 1176 487 1226 ann.
511 1176 547 1243 4.
599 1160 632 1231 8.
657 1152 824 1227 Sueceffit
858 1154 1000 1231 Publius
1024 1154 1214 1233 Petronius
1237 1181 1267 1232 a.
1293 1158 1339 1231 U.
1365 1177 1438 1249 792

209 1280 235 1331 a
266 1254 355 1349 Cajo
381 1250 534 1347 Caligula
556 1242 705 1335 miuus.-
734 1272 931 1346 perquem
965 1248 1111 1326 statuam
1143 1252 1235 1327 suam
1261 1254 1299 1327 in
1329 1254 1441 1325 Tem·

211 1352 321 1450 plum
353 1344 530 1421 Hierosol.
554 1344 734 1417 introduci
761 1346 876 1417 voluit
902 1347 1015 1441 Cajus.
1065 1370 1099 1436 9.
1125 1348 1255 1424 Vibius
1279 1347 1438 1436 Marsus,

89 1445 90 1462 ¹
213 1472 250 1522 a.
280 1448 332 1520 U.
355 1466 446 1536 795,
472 1442 531 1538 qui
553 1439 829 1546 Agrippam-M.
854 1440 1032 1539 inpedivit
1051 1444 1193 1517 Hieros.
1220 1467 1285 1541 per
1302 1466 1439 1520 murum

210 1543 372 1618 munire.
423 1562 478 1611 10.
506 1535 632 1611 Caffius
657 1538 837 1633 Longmus
860 1563 890 1612 a.
917 1542 963 1614 U.
990 1548 1072 1619 801.
1098 1541 1157 1635 qui
1185 1538 1305 1613 stolam
1327 1538 1439 1615 sacer·
1470 1570 1477 1589 κ

212 1639 377 1715 dotalem
410 1628 552 1730 Judueis
584 1632 747 1727 eripere,
788 1653 825 1705 et
859 1632 896 1708 in
932 1659 1012 1709 arce
1043 1634 1203 1709 Antonia
1234 1658 1439 1733 reponere,

89 1767 90 1776 ¹
211 1734 348 1810 frustra
373 1753 519 1805 conatus
539 1726 609 1817 est,
634 1752 715 1802 cum
741 1730 921 1821 Claudius,
955 1730 1045 1828 Agri
1072 1754 1138 1827 pae
1164 1730 1303 1829 Juniori
1330 1730 1439 1829 grati·

212 1834 367 1917 ficosus,
384 1824 611 1923 eamJudaeis
627 1823 857 1900 concefferit:
875 1846 915 1900 ut
932 1825 1033 1923 supra
1046 1756 1242 1902 iabumus.
1272 1850 1327 1903 11.
1338 1832 1441 1903 Verr-

211 1929 350 2015 tidius,
374 1924 453 2011 vel,
480 1920 580 1995 utin
604 1920 769 1995 Numinis
786 1922 877 2017 apud
905 1922 966 1997 ΕΖ.
993 1920 1182 2021 Spanhem.
1207 1924 1318 2000 Num.
1344 1924 1435 2001 Diff-

212 2028 266 2100 X.
292 2019 494 2099 Ummidius
518 2014 733 2125 Quadratus,
760 2038 826 2111 per
849 2041 929 2098 ann.
960 2043 1015 2092 10.
1069 2026 1126 2094 12.
1150 2019 1332 2094 Domitius
1351 2026 1439 2097 Corv-
1528 2072 1533 2083 .

213 2121 327 2210 bulo,
372 2116 432 2212 qui
458 2115 496 2187 in
523 2114 693 2187 Armenia
721 2137 801 2187 cum
826 2114 963 2191 Parthis
991 2114 1148 2209 feliciter
1172 2117 1338 2207 bellavit,
1377 2118 1438 2193 sed

211 2215 325 2306 dein,
354 2214 392 2289 in
419 2208 605 2285 Graeciam
627 2209 764 2284 accitus
785 2234 806 2283 a
829 2211 1002 2300 Nerone,
1037 2211 1172 2285 occisus
1195 2212 1246 2287 est
1271 2215 1345 2310 ejus
1366 2214 1437 2313 jus·

212 2314 280 2403 su,
322 2304 509 2405 antequam
542 2329 631 2409 eumq
656 2305 860 2403 conspicere
893 2305 1078 2399 voluerit,
1120 2307 1256 2382 veritus
1287 2334 1366 2384 eum
1398 2311 1441 2385 in

91 2461 94 2494 ι
211 2408 319 2485 veste
356 2400 596 2479 citharoedica
629 2401 764 2475 videre.
833 2402 968 2500 Xiphil.
1011 2427 1057 2477 ex
1091 2405 1211 2479 Dione
1249 2406 1270 2481 l.
1303 2410 1440 2484 LXlffi

92 2571 93 2576 ,
218 2530 280 2602 13·
306 2500 442 2578 Cestius
459 2498 576 2571 Gallus
590 2519 620 2568 ἃ·
649 2500 696 2573 U·
722 2506 792 2578 818
803 2552 814 2587 ,
839 2522 885 2573 ex
901 2498 1045 2575 historia
1061 2499 1142 2574 belli
1161 2500 1298 2597 Judaici
1318 2518 1435 2582 notus.

217 2626 277 2695 14.
305 2596 465 2672 Licinius
491 2586 700 2684 Mucianus,
724 2591 782 2667 vir
806 2592 966 2669 secundis
991 2594 1208 2695 adveriisque
1233 2622 1317 2693 par,
1345 2602 1435 2677 Tac.

213 2700 269 2772 H.
295 2696 317 2769 l.
343 2698 372 2768 I.
399 2690 459 2789 qui
484 2689 568 2764 nes
584 2685 699 2761 asiano
725 2688 834 2762 etiam
861 2710 964 2763 autor
987 2690 1077 2783 fuit,
1112 2712 1151 2766 ut
1178 2690 1352 2789 inperium
1378 2721 1437 2773 ca-

93 2839 97 2862 .
170 2788 179 2797 ’
215 2791 393 2890 pefferet,
434 2807 472 2861 et
499 2713 622 2883 poriea
656 2805 780 2859 contra
811 2786 999 2860 Vitellium
1030 2790 1072 2861 ab
1108 2787 1184 2861 iso
1221 2790 1338 2867 miffus
1361 2792 1436 2883 est;

214 2885 359 2985 quaudo
380 2883 417 2960 ei
434 2906 507 2974 ·15,..
528 2880 686 2956 succeffit
710 2879 922 2959 Caesennius
947 2883 1098 2961 Paetus:
1118 2906 1157 2959 ru
1179 2906 1250 2983 quo
1278 2888 1409 2967 desino.
1436 2912 1444 2935 ·

756 4408 948 4490 nauus
1286 4374 1435 4501 vimi
