3575 5884
291 1157 365 1246 264
626 1149 771 1252 lostoria
795 1149 1025 1253 Ecclesiastico
1050 1152 1093 1229 V.
1123 1146 1163 1226 T.

369 1348 407 1405 to
433 1328 471 1409 in
495 1331 645 1408 totidem
668 1331 778 1408 divisa
802 1354 928 1431 partes.
977 1335 1157 1443 Quicum
1181 1331 1225 1410 ali
1318 1329 1381 1408 diu
1398 1330 1509 1409 amice

292 1429 464 1530 egillent,
489 1431 629 1504 tandem
654 1453 734 1504 cum
762 1431 1003 1527 praevaluillet
1026 1431 1209 1506 Plarnmeti
1258 1455 1316 1520 ua,
1343 1454 1432 1505 unus
1447 1452 1508 1504 eo·

292 1551 392 1617 rum,
417 1546 496 1599 eta
519 1524 662 1634 reliquis
678 1525 766 1599 eliet
792 1527 970 1625 expulsus,
995 1527 1044 1619 is,
1070 1528 1195 1603 ionum
1210 1546 1248 1602 et
1264 1530 1395 1602 Carum
1410 1523 1515 1602 auxi*

292 1626 366 1714 lio,
402 1639 513 1697 totam
539 1621 601 1697 libr
629 1621 826 1696 vindicavit
850 1624 1076 1722 AEgyptum.
1124 1625 1211 1713 Cui,
1244 1621 1326 1721 post
1351 1645 1403 1715 54
1426 1644 1504 1697 ann.

292 1741 459 1817 regnum,
483 1717 641 1793 succeffit
664 1718 817 1811 Necho,
846 1720 938 1794 filius
954 1721 1048 1816 ejus,
1076 1719 1136 1816 qui
1153 1722 1176 1794 S
1192 1743 1260 1793 ros
1276 1719 1313 1792 in
1332 1717 1504 1815 Magdolo

291 1814 384 1889 vicit
407 1815 562 1924 praelio,
586 1837 814 1913 magnamque
832 1815 954 1914 Syriae
980 1819 1102 1890 urbem
1127 1745 1276 1914 Caiytin
1300 1812 1509 1924 occupavit.-

290 1913 446 2008 Exceprt
471 1912 602 2009 ipsum,
628 1934 708 1984 cum
737 1918 782 1985 16
807 1935 885 1987 ann.
912 1911 1106 2011 regnallet,
1139 1911 1230 1985 lilius
1254 1908 1421 1984 Psammrs
1445 1927 1506 2007 pet

289 2015 316 2084 6
340 2031 471 2099 annos,
497 2008 556 2083 cui
580 2006 736 2081 succeffit
754 2007 913 2106 Apryes,
938 2005 1041 2081 fastus
1064 2028 1102 2082 et
1126 2004 1354 2104 adrogantiae
1403 2002 1501 2080 lenis·

291 2104 417 2196 simus,
458 2104 519 2179 sed
541 2102 788 2200 potentillrmis
813 2127 854 2177 ac
877 2103 1151 2179 forttmatillimis
1171 2102 1312 2201 regibus
1476 2098 1507 2176 ti

290 2201 548 2292 adcensendus,
590 2199 734 2274 infelice
769 2218 886 2274 tamen
922 2224 1014 2274 curn-
1035 2220 1177 2276 eventu.
1225 2201 1314 2273 Cum
1344 2199 1444 2273 enirn
1465 2193 1504 2272 ad
1549 2256 1551 2269 .

292 2299 462 2397 populum
478 2313 525 2370 ‘et
550 2292 680 2371 milites
703 2295 970 2388 tumultuantes,
996 2295 1201 2394 inquorum
1228 2292 1407 2368 inciderat
1430 2292 1500 2369 odi·

290 2417 374 2484 um,
404 2391 569 2468 sedandos
592 2389 733 2464 misiliet
759 2389 922 2482 Amasim
954 2391 1004 2481 is,
1027 2415 1049 2465 a
1073 2390 1243 2468 seditiosis
1265 2412 1331 2464 rex
1354 2389 1500 2465 declara·
1548 2446 1552 2459 .

291 2504 367 2579 tus,
392 2490 538 2588 Apryen
564 2485 675 2576 vicit,
700 2505 737 2559 et
756 2485 958 2577 interemit,
984 2510 1065 2561 cum
1091 2507 1140 2579 ‘25
1157 2510 1266 2564 annos
1288 2483 1376 2560 ellet
1392 2482 1501 2562 domi·
1547 2528 1552 2567 ;

290 2604 402 2662 natus.
449 2582 616 2659 Succellrt
632 2580 695 2680 ipfi
713 2581 866 2691 Amasis,
891 2583 952 2659 sub
967 2606 1037 2681 quo
1050 2584 1250 2754 Aliglpptus
1271 2582 1427 2691 maxime
1440 2581 1501 2658 flo-

292 2682 386 2773 ruit,
428 2701 467 2757 et
489 2703 538 2773 44
561 2701 641 2754 ann.
667 2678 838 2776 praefuit:
877 2680 975 2777 cujus
1010 2679 1101 2753 lilius
1175 2697 1405 2768 ammenrtus,
1449 2685 1501 2755 62⁰
1549 2706 1553 2721 ·

290 2800 330 2852 re
380 2779 393 2852 i
418 2777 536 2852 mense
562 2800 582 2849 a
603 2775 792 2874 cambyse,
824 2797 911 2876 rege
934 2774 1129 2866 Persarum,
1155 2775 1207 2850 est
1231 2772 1401 2851 devictus
1499 2829 1529 2851 ·.

360 2932 368 2946 .
394 2873 583 2948 CCLXIX.
619 2873 707 2945 Cum
731 2872 797 2945 hac
822 2871 1003 2947 Herodoti
1026 2869 1169 2946 historia
1195 2869 1430 2945 conferendus
1453 2864 1505 2943 est

290 2967 399 3043 Diod.
426 2968 496 3041 Sic.
515 2970 537 3042 l.
555 2969 583 3042 1.
602 2991 678 3041 non
694 2986 850 3058 tantum,
873 2968 959 3041 licet
974 2967 1090 3043 minus
1106 2968 1305 3058 adcuratus,
1330 2964 1370 3041 in
1387 2966 1505 3041 multia

289 3081 408 3138 tamen
425 3061 547 3135 fimilia
563 3063 720 3154 tradens,
746 3065 804 3138 sed
823 3061 861 3137 in
877 3062 1000 3160 primis
1015 3067 1188 3156 Maneto,
1213 3063 1310 3160 cujus
1326 3061 1508 3161 dynastiae

289 3165 451 3252 24-26,
476 3157 519 3230 ad
543 3157 632 3229 haec
661 3158 843 3252 pertinent
867 3177 1037 3255 tempora
1084 3158 1254 3258 Dynastia
1278 3176 1365 3251 24ra
1384 3158 1503 3233 conti·

288 3275 354 3330 net
377 3252 576 3328 Bocchorim
598 3251 729 3327 Saitam
755 3278 834 3329 ann.
859 3261 906 3345 ό,
938 3273 975 3327 et
1001 3272 1105 3347 25ta,
1139 3279 1226 3353 quae
1262 3253 1314 3328 est
1338 3252 1509 3330 AEtlrio.

315 3377 394 3443 um,
419 3354 655 3439 Sabaconem,
682 3349 740 3446 qui
759 3348 961 3424 Bocchorim
977 3350 1101 3426 vivum
1113 3349 1302 3441 cremavit,
1326 3372 1408 3426 ann.
1437 3372 1508 3441 ra,

287 3375 490 3526 ievechum
514 3446 624 3522 lilium
647 3469 725 3519 ann.
758 3469 823 3537 14,
856 3465 893 3520 et
924 3449 1078 3522 Tarcum
1101 3471 1181 3524 ann.
1210 3455 1278 3536 18,
1303 3444 1352 3521 ita
1378 3466 1420 3522 ut
1445 3445 1508 3522 illa.

285 3545 446 3644 dynastia
461 3568 541 3619 ann.
558 3567 607 3635 44
623 3540 811 3617 duraverit.
857 3542 960 3618 Haec
979 3542 1003 3616 fi
1020 3543 1234 3619 consulamus
1250 3560 1506 3636 monumenta,

286 3660 417 3714 etcum
427 3638 586 3714 Historia
600 3642 704 3714 Sacra
720 3637 960 3727 conferamus,
978 3638 1129 3715 dubitari
1147 3639 1290 3736 nequit,
1309 3638 1505 3738 quin800,

215 3816 231 3849 Ι
285 3754 448 3908 iilmpotire
474 3732 613 3843 lloseae
630 3733 1250 3906 §ttIHiflriaedcelebris,hiplil'irmus
1272 3735 1314 3849 lit
1330 3735 1504 3927 Qu&

335 3853 399 3904 ane
443 3852 539 3916 onis,
565 3850 606 3901 ac
656 3857 725 3904 ero
792 3854 854 3905 ero
879 3849 952 3921 otr,
978 3849 1016 3905 et
1065 3855 1183 3906 rorra
1206 3854 1244 3904 re
1271 3857 1307 3907 nr

286 3929 326 4006 in
347 3924 508 4002 ordinem
536 3922 649 4021 redigi
675 3927 789 4023 polilt.
839 3928 1020 4026 Tempora
1043 3927 1164 4026 utique
1189 3947 1227 4000 et
1245 3854 1502 4023 iominaregis

287 4026 384 4103 recte
402 4019 622 4098 conveniunt
645 4019 681 4094 in
708 4025 942 4102 narrationem
961 4025 1089 4123 Script.
1109 4027 1143 4100 S.
1169 4023 1281 4099 Hebr.
1305 4025 1505 4119 niveque

284 4147 349 4198 rex
364 4117 465 4195 venit
481 4116 518 4190 in
537 4114 696 4190 Historia
715 4117 828 4209 sacra,
852 4145 872 4194 a
889 4121 1036 4197 nomine
1054 4122 1206 4198 Seveclro'
1220 4139 1293 4199 non·
1308 4121 1502 4210 abhorret,

284 4217 421 4308 minus,
446 4211 491 4305 li,
515 4210 608 4311 quod
623 4210 761 4308 potest,
787 4233 824 4285 et
833 4215 937 4307 licet,
962 4217 1150 4314 punctetur
1165 4233 1238 4330 kapp
1260 4219 1357 4293 Sevee
1374 4238 1504 4313 Μχοι

283 4366 483 4453 Sevechus,
509 4354 600 4440 unde
625 4358 728 4435 facile
752 4361 849 4436 Setun
873 4365 1077 4461 Herodoti,
1102 4366 1222 4466 potuit
1247 4366 1345 4443 oriri.
1394 4367 1504 4442 Ordo'

282 4486 401 4549 autem
427 4460 612 4551 historiae,
636 4458 873 4533 monrunentis
897 4463 1051 4538 exoticis
1072 4484 1110 4537 et
1125 4462 1227 4537 fareris
1250 4465 1368 4540 secum
1392 4464 1502 4542 colla·

237 4550 243 4582 r
281 4564 349 4661 ὼ,
375 4559 477 4640 lrunc
501 4556 542 4639 in
573 4555 737 4659 modurn,
776 4579 883 4661 quem
913 4560 1062 4664 egregie
1091 4558 1165 4663 jam
1194 4558 1500 4737 iflmhapitngrssffi
