3575 5884
280 1122 367 1233 ub
628 1125 776 1228 {Asturia
798 1116 1098 1230 Ecclestaflica‘l'.
1127 1126 1167 1205 T.

291 1310 397 1392 fuiss'e
423 1289 635 1410 promiss'um.
685 1291 832 1381 Haiient
854 1331 944 1385 vero
967 1300 1247 1386 Pentateuchum
1263 1309 1507 1391 Hebraeo-sa.

289 1408 521 1496 maritanum,
547 1421 584 1475 et
599 1402 645 1476 tri
672 1403 777 1476 licem
796 1405 1013 1497 versionem,
1032 1405 1504 1495 Samaritano-Chaldaicam,

293 1508 485 1593 Graecam,
518 1516 557 1608 et
582 1426 788 1590 Amineam,
824 1525 845 1574 a
870 1502 1045 1577 Peirescio
1073 1524 1119 1576 ex
1146 1505 1286 1579 oriente
1301 1499 1508 1590 adduam,

291 1602 380 1677 sicut
412 1596 709 1673 simunt-Chald.
752 1621 773 1671 a
807 1597 846 1670 P.
881 1596 1055 1673 Vallense.
1119 1601 1385 1675 Pentateuchue
1428 1616 1508 1672 vero

290 1697 404 1775 Hebr.
429 1690 590 1767 Samarit.
615 1690 666 1766 est
686 1691 865 1789 ipfiffimus
881 1693 1089 1784 Hebraeus,
1115 1693 1244 1771 litteris
1265 1688 1509 1781 Samaritani}

285 1791 350 1963 prii
387 1783 562 1898 superest,
604 1806 641 1861 et
664 1785 841 1895 quantivis
872 1810 1012 1886 quoque
1044 1790 1152 1886 pretii
1185 1790 1225 1866 in
1251 1788 1510 1866 vera-lectione

285 1883 882 2091 stititssdtttttfttt{Str
909 1909 997 2090 ,pf
1023 1886 1209 2078 ibini?
1227 1882 1511 2090 deffiniri-3}

287 2079 429 2157 versum
473 2073 543 2148 uod
566 2077 723 2165 adtrnct,
750 2076 956 2151 Samaritani
980 2098 1047 2174 pro
1066 2075 1231 2169 Garizin,
1258 2004 1342 2152 tide
1368 2077 1507 2173 religio·

287 2100 913 2347 nititurfnttttnu
936 2167 1511 2364 ruts„ttt‘⁶¹¹tnt2nttt

286 2369 339 2444 v.
366 2366 412 2439 r.
440 2362 554 2451 num,
579 2322 708 2450 ’unue‚
739 2320 1023 2458 transsumam
1053 2364 1152 2439 fune
1177 2324 1200 2439 a'
1222 2364 1308 2439 neo
1339 2360 1509 2453 mmm,

285 2457 510 2540 manifestum
534 2455 606 2546 est,
639 2457 698 2531 sed
725 2479 812 2554 quos
838 2455 946 2531 libros
970 2480 1044 2533 non
1071 2460 1266 2557 agnoscunt
1288 2458 1509 2541 Samaritani

285 2560 402 2663 Quam
430 2553 603 2628 diversam
635 2552 842 2650 opinionem
873 2553 999 2626 mulier
1022 2554 1236 2630 Samaritana
1262 2553 1301 2629 in
1326 2552 1506 2664 colloquio

285 2679 368 2731 curn
396 2650 556 2728 Domino
582 2647 700 2723 nostro
736 2650 847 2745 palam
872 2649 1024 2746 profeffa
1049 2649 1120 2741 est,
1163 2651 1252 2749 Joh.-
1271 2651 1344 2730 IV.
1395 2648 1507 2737 Mtffit

283 2751 394 2827 trariis
420 2745 620 2845 figmentis,
646 2745 717 2818 five
736 2744 1034 2820 Samaritanorum
1060 2745 1103 2820 de
1129 2745 1188 2822 sua
1215 2744 1360 2843 origine
1386 2745 1504 2847 exJa·

280 2847 376 2919 cobo
386 2897 412 2930 ,.1,
423 2865 489 2937 per
514 2840 605 2911 filios
622 2837 788 2935 Josephi,
812 2839 883 2950 snio
905 2841 1141 2916 sacerdotibus
1165 2841 1335 2939 genuinis
1349 2840 1502 2918 neroni·

281 2939 357 3028 dis,
392 2935 454 3009 suo
482 2933 722 3008 Pentateucho
748 2935 983 3034 antiqurffmo
1010 2956 1048 3010 et
1072 2937 1300 3033 incorrupto,
1327 2956 1412 3013 etc:
1433 2935 1502 3011 five

281 3034 497 3136 judaeorum
520 3029 565 3103 de
589 3029 689 3126 ipsas,
731 3027 769 3103 in
797 3053 918 3105 eorum
953 3034 1224 3123 contumeliam,
1268 3057 1328 3109 ex.
1345 3040 1409 3132 'gn
1434 3032 1501 3110 coli

278 3130 372 3226 apud
399 3126 491 3225 ipsos
519 3129 682 3202 columbae
708 3124 945 3218 simulacrum,
989 3148 1027 3202 ct
1054 3148 1124 3203 tres
1155 3130 1289 3205 litteras
1313 3130 1502 3227 gutturales

277 3230 326 3310 Π,
351 3231 382 3302 Π
403 3243 442 3297 et
468 3226 514 3304 ν,
546 3222 700 3296 deficere
727 3221 818 3318 apud
838 3247 920 3312 eos,
945 3246 1033 3320 quae
1057 3223 1100 3296 ad
1126 3223 1272 3300 nomina
1289 3224 1500 3312 Abrahami,

277 3321 390 3399 lsaaci
418 3337 455 3395 et
480 3318 603 3416 Jacobi
630 3317 832 3414 pertinent,
858 3318 1032 3414 figmento
1058 3318 1140 3394 inde
1169 3339 1275 3412 nato,
1308 3319 1400 3419 quod
1426 3318 1500 3396 ilias

277 3422 433 3509 litteras,
460 3421 545 3490 uti(
568 3411 824 3513 pronuncient,
851 3412 928 3505 his,
955 3413 1116 3513 inquam,
1143 3435 1182 3490 et
1200 3415 1297 3507 aliis,
1323 3413 1500 3515 figmentis

276 3519 409 3604 miffis,
434 3510 664 3601 sub‘unxisse,
689 3507 782 3608 quod
806 3509 849 3582 ad
876 3510 948 3585 hoc
972 3510 1191 3585 intervallum
1214 3511 1398 3609 pertinet,
1433 3508 1498 3589 sufae

275 3611 410 3686 feccrit
436 3538 534 3682 tritie
562 3608 694 3696 fatum,
761 3604 829 3679 uod
855 3607 1078 3681 Samaritanis
1105 3608 1167 3682 sub
1191 3607 1296 3685 Alex.
1323 3609 1383 3683 M.
1416 3628 1496 3682 eve·

276 3706 366 3782 niss'e
392 3702 541 3777 traditur
570 3702 659 3799 apud
685 3628 757 3799 Joi.
791 3702 878 3777 Ant.
905 3704 967 3776 xl.
1000 3721 1038 3776 et
1059 3722 1185 3778 contra
1218 3704 1291 3800 Ap.
1326 3704 1424 3780 1.11.
1456 3723 1498 3775 ex

274 3804 468 3879 Hecataeo
487 3798 675 3884 Abderita,
702 3796 738 3870 in
763 3820 808 3871 eo
834 3798 954 3886 satum,
1005 3798 1096 3890 uod,
1122 3801 1168 3872 ob
1197 3798 1342 3874 caedem
1361 3798 1496 3875 Andro·

277 3893 418 3981 machi,
444 3893 568 3988 Syriae
593 3913 631 3968 et
647 3893 857 3968 Palaestinae
874 3822 1058 3991 praeniis,
1085 3896 1128 3968 ab
1145 3893 1348 3969 Alexandro
1372 3892 1498 3971 consti·

274 3993 367 4083 tuti,
392 3988 525 4063 fuerint
552 3988 702 4062 Samaria
729 3989 856 4086 ejecti,
883 3991 979 4088 Syris
1006 4011 1043 4065 et
1067 3990 1329 4067 Macedonibus
1355 3991 1396 4067 in
1423 4012 1494 4069 eam

273 4083 468 4171 transsatis,
494 4100 530 4152 et
555 4083 675 4156 variae
704 4107 826 4158 eorum
853 4107 967 4161 terrae
996 4086 1138 4183 Judaeis
1167 4087 1277 4160 datae.

320 4187 351 4282 ᾖ.
380 4179 572 4257 CCCCXL.
599 4182 784 4271 Pergamus
806 4181 848 4257 ad
873 4184 979 4273 longe
1008 4183 1209 4280 graviorem
1233 4181 1493 4274 adflifflonem,

277 4278 427 4360 Civitati
455 4296 492 4350 et
516 4273 689 4348 Ecclesrae
716 4276 885 4371 Judaicae
914 4281 1042 4351 illatam
1069 4283 1109 4354 ab
1133 4277 1317 4355 Antiocho
1342 4279 1413 4378 Epi
1441 4280 1495 4355 ha·

274 4405 352 4464 ne,
367 4374 506 4469 ejusque
522 4370 686 4453 ducibus,
714 4394 822 4464 opem
841 4396 982 4468 quoque
1008 4375 1205 4448 ferentibus
1224 4373 1392 4472 apostatis
1408 4307 1495 4455 ion,-

276 4474 430 4553 tificibus
453 4471 606 4638 liasone,
633 4466 824 4554 Menelao,
851 4487 887 4539 et
908 4470 1068 4559 Altino,
1096 4494 1175 4542 cum
1203 4470 1436 4567 inproborum
1453 4494 1498 4545 ex

276 4566 420 4678 Judaeis
469 4563 610 4642 actione
638 4560 718 4649 satis
742 4562 939 4643 numerosa.
988 4567 1106 4641 Antea
1131 4564 1275 4666 quidem
1301 4568 1417 4645 varias
1443 4591 1502 4676 exj

250 4739 253 4743 ,
279 4706 292 4721 t
1402 4679 1501 4765 perta
