3575 5884
299 1104 374 1209 436
643 1092 790 1195 Historia
812 1095 1052 1198 Ecrlastusticu
1071 1098 1112 1173 V.
1141 1094 1182 1171 T.

298 1286 412 1375 rium,
436 1302 521 1359 mox
545 1277 754 1373 occupavit,
779 1279 952 1354 Menelao
977 1279 1016 1354 in
1035 1302 1151 1355 arcem
1180 1277 1217 1351 se
1237 1275 1460 1376 recipiente,
1485 1272 1536 1361 er'

299 1382 414 1478 strage
434 1380 495 1465 fibi
511 1375 768 1453 adversarntium
784 1375 949 1473 replevit.
997 1378 1134 1452 Vennn
1149 1372 1240 1447 fama
1256 1376 1427 1461 adventus
1443 1378 1521 1456 An..-

299 1479 416 1553 tiocni
433 1474 598 1562 territur,
619 1471 701 1545 inde
719 1473 831 1563 rursus
855 1473 1012 1571 aufugit:
1037 1489 1323 1573 aquotempore
1343 1496 1409 1569 per
1424 1476 1519 1553 varia

301 1578 381 1657 loct
402 1569 586 1660 discurrit,
611 1588 649 1643 et
677 1567 804 1664 ubique
828 1568 971 1666 spretus
992 1569 1066 1659 est,
1090 1571 1205 1643 donec
1220 1571 1327 1641 inter
1343 1572 1518 1646 Lacedae·

295 1666 435 1747 munius
460 1665 572 1751 latum
597 1664 799 1754 invenerit,
828 1668 990 1742 uMacc.
1016 1667 1065 1742 V.
1112 1663 1297 1736 Antiocho
1326 1664 1366 1739 in
1384 1666 1518 1741 Hiero·

292 1767 423 1861 solyma
445 1761 670 1858 occupanda,
695 1780 733 1834 et
749 1760 945 1857 spolianda,
973 1786 1082 1858 opem
1096 1758 1176 1834 tulit
1201 1759 1369 1856 inprobus
1385 1764 1516 1839 Mene-

290 1863 383 1951 laus,
417 1857 559 1955 seseque
587 1858 624 1931 in
648 1856 821 1953 dignitate
853 1857 915 1931 sua
938 1858 1045 1931 tuitus
1075 1855 1151 1947 est,
1179 1855 1294 1930 donec
1318 1879 1440 1934 rerum
1468 1860 1518 1934 fa-

290 1957 366 2032 cies
388 1979 453 2053 per
489 1953 614 2051 Judnm
647 1954 900 2028 Maccabaeum
935 1953 1043 2028 fuerit
1075 1971 1232 2042 mutata3
1272 1954 1413 2048 quando
1443 1955 1515 2032 sese

292 2054 458 2151 recipere
483 2051 607 2125 debuit
634 2045 678 2121 ad
701 2053 757 2123 Re
784 2073 840 2123 ern
864 2050 1006 2147 Syriae,
1041 2049 1103 2123 ubi
1126 2049 1170 2121 ad
1192 2067 1346 2122 mortem
1367 2051 1513 2146 mansit,

290 2174 395 2249 quam
419 2149 560 2223 tandem
587 2144 692 2221 subiit
718 2075 911 2237 iniamem,
935 2167 972 2220 et
998 2144 1185 2219 sceleribus
1205 2144 1361 2243 dignam.
1401 2149 1514 2244 Judae

293 2249 393 2324 enim
430 2245 590 2319 felicibus
626 2244 857 2338 progressibus
890 2243 1064 2317 excitatus
1093 2239 1294 2316 Antiochus
1322 2243 1517 2340 Eupator,

289 2369 371 2421 cum
404 2341 525 2438 Lysia,
566 2337 753 2433 instigante
776 2338 967 2429 Menelao,
1008 2338 1144 2411 irruens
1176 2335 1216 2411 in
1253 2335 1441 2434 Judaeum,
1472 2365 1513 2419 er

231 2472 234 2477 ’
288 2441 388 2516 clade
411 2436 537 2531 aJuda
552 2431 686 2506 inflicta
703 2433 876 2541 repulsus,
901 2434 1008 2524 iram,
1034 2433 1207 2509 incitante
1227 2431 1353 2531 Lysia,
1369 2434 1410 2512 in
1429 2438 1511 2516 Me·

288 2537 447 2621 nelaum,
480 2550 644 2625 tanquam
668 2529 749 2604 belh
777 2549 815 2603 et
842 2530 1011 2603 malorum
1032 2550 1214 2620 autorem,
1239 2529 1390 2623 effudit,
1416 2555 1514 2613 eum.

289 2656 358 2731 que
403 2624 586 2702 teterrima
628 2645 775 2715 morte,
822 2624 860 2699 in
919 2644 1043 2700 uteum
1085 2625 1248 2702 cinerum
1285 2627 1510 2726 conjectum,

287 2755 310 2802 e
335 2725 430 2802 vivis
455 2722 612 2800 abstulit:
641 2725 798 2830 sillace.
823 2649 926 2797 xssi.
973 2722 1144 2822 Josephus
1160 2724 1251 2832 Ant.
1271 2724 1366 2800 XII..
1383 2729 1506 2820 tradit,

285 2846 388 2910 eum,
414 2839 576 2913 tanquam
603 2839 762 2889 nmmum
788 2819 980 2909 malorum,
1007 2843 1094 2917 quae
1119 2819 1263 2990 lindam
1289 2843 1509 2917 evenerunt,

284 2936 467 3001 autorem,
502 2912 644 3008 interfici
667 2910 795 3008 julium
819 2912 890 2987 effe
916 2915 962 2987 ab
982 2915 1119 2992 Antioc
1145 2941 1172 2990 o
1191 2917 1407 3012 suparare:
1432 2922 1505 2996 De·

281 3015 371 3088 latus
395 3006 537 3105 quidem
562 3008 732 3105 deinceps
755 3005 806 3083 est
830 3010 1069 3085 aDemetrio.
1088 3015 1191 3110 Rege
1215 3011 1339 3109 Syriae
1413 3016 1506 3093 ntifi-

278 3127 383 3183 catus
405 3107 532 3179 Alcimo
558 3103 716 3194 cuidam,
742 3129 763 3178 e
791 3128 923 3215 genere
941 3106 1084 3204 quidem
1100 3108 1337 3201 Sacerdotast,
1377 3112 1510 3191 ednon

281 3201 503 3291 Pontificali,
542 3199 624 3274 viro
656 3224 766 3298 aeque
799 3227 811 3274 1
863 3202 975 3292 robo,
1017 3224 1059 3276 et
1079 3203 1259 3302 religionis
1285 3206 1420 3303 patriae
1442 3212 1508 3285 de·

279 3299 429 3392 seriori,
455 3321 496 3372 ac
520 3296 759 3396 persecutori,
792 3297 827 3371 se
875 3297 968 3372 haud
992 3298 1053 3373 diu
1081 3300 1216 3376 tenuit:
1242 3322 1391 3398 quatuor
1405 3306 1508 3382 eninr

281 3424 364 3475 ann,
391 3394 489 3496 post,
530 3419 610 3471 curn
644 3390 792 3466 interius
818 3393 964 3491 Templi
986 3395 1114 3493 attitun
1139 3396 1235 3473 dirui·
1252 3397 1417 3494 instillet,
1446 3401 1505 3476 di·-

279 3496 368 3567 vina
392 3497 493 3591 plaga
517 3490 693 3589 perculsus
715 3487 862 3585 inpiam
893 3489 1028 3566 efflauit
1058 3495 1211 3591 animam
1244 3499 1331 3568 inter
1357 3498 1505 3594 {genter

280 3596 471 3677 truciora-r,
496 3589 672 3682 referente
699 3605 822 3660 autore
851 3589 1000 3662 1Mace.
1025 3591 1089 3666 IX.
1140 3589 1294 3666 Transiit
1312 3597 1505 3672 tuncPon·

278 3686 433 3759 nificatus
462 3684 504 3755 ad
533 3685 790 3773 Maccabaeos,
816 3703 856 3757 ut
879 3682 998 3780 postea
1023 3686 1237 3762 videbimus..

294 3844 303 3853 ..
325 3779 356 3878 s.
383 3779 651 3869 ccccxxxii.
688 3779 859 3874 Judaeos‚
886 3779 1032 3855 durante
1055 3782 1128 3857 hoe
1153 3784 1361 3879 intervallo,
1395 3804 1435 3861 ut
1457 3787 1506 3860 ad

277 3877 405 3955 statum
424 3896 567 3964 eorum,
594 3873 733 3970 ejusque
762 3875 965 3974 qualitates,
992 3877 1156 3989 respellu
1170 3882 1345 3955 libertatis
1360 3905 1403 3957 ac
1421 3908 1503 3980 pro·

277 3967 472 4072 speritatis,
498 3992 663 4075 pergam,
689 3968 791 4044 fuisse
820 3996 894 4046 non
918 3971 968 4050 sui
995 3973 1102 4071 juris,
1127 3997 1164 4050 et
1181 3977 1330 4070 liberos,
1357 3977 1419 4052 sed
1435 3981 1504 4054 ser·
1549 3995 1551 4004 '

276 4073 366 4145 viles
391 4065 664 4142 tributariosssac
694 4068 889 4159 obnoxios,
932 4071 1025 4165 quod
1052 4094 1133 4147 ante
1164 4072 1280 4148 omnia
1313 4075 1497 4150 observan-

274 4167 358 4242 dum
393 4161 464 4253 est,
506 4183 554 4235 ex
576 4156 725 4236 historia
757 4162 859 4259 supra
886 4164 1013 4238 tradita
1043 4167 1151 4243 facile
1172 4169 1349 4245 elucescit.
1400 4173 1503 4247 Sicut

273 4282 381 4341 antea
404 4256 529 4348 Persis,
569 4252 617 4329 ita
646 4279 740 4328 nune
775 4257 929 4353 primunr
956 4260 1181 4356 Alexandro,
1219 4265 1301 4341 dein
1334 4267 1504 4365 Lagidis,

274 4357 424 4453 denique
451 4350 661 4441 Seleucidis,
689 4349 834 4424 suerunt
856 4353 1025 4449 subjecti,
1059 4385 1100 4434 ac
1128 4362 1258 4437 Coeles
1275 4362 1348 4437 tiae
1375 4389 1499 4440 accen·

273 4457 342 4538 firi,
390 4450 471 4552 Qua
494 4448 633 4524 ratione
658 4447 706 4522 ab
729 4445 934 4554 Alexandro
960 4456 1040 4543 M,
1083 4456 1227 4531 devieto
1290 4459 1388 4551 ario,
1425 4461 1500 4536 sue·

274 4559 350 4641 sm
374 4544 535 4643 translati,L
554 4546 656 4648 supra
680 4560 812 4645 tettgls.
839 4568 952 4641 mon„
971 4550 1037 4625 ubi,
1057 4549 1105 4628 de
1134 4552 1265 4632 cafibus
1289 4556 1508 4732 laffiffibvel

368 4736 371 4741 .
1442 4680 1511 4751 ¹²⁸2
