3575 5884
558 873 595 942 ,·
630 823 986 962 ‚retentorum
1063 860 1084 883 ·“
1385 833 1438 954 93

194 1036 389 1126 Achabus‚
414 1059 458 1110 on
481 1034 627 1134 r‘murrr'stl
649 1065 719 1128 me,
743 1042 868 1114 inimice
892 1041 957 1112 ml:
990 1050 1125 1108 tanturn
1151 1029 1267 1125 abest,
1298 1052 1338 1107 ut
1359 1034 1430 1110 cri··

194 1158 280 1208 men
307 1132 515 1231 negaverit,
554 1155 613 1206 aut
637 1134 877 1223 excusaverit,
908 1130 1004 1227 *quod
1026 1131 1184 1204 nonnulli
1209 1149 1355 1228 putant,
1386 1151 1429 1205 ut
1533 1205 1541 1212 ,

195 1229 380 1305 confessus
404 1229 537 1317 suerit,
570 1229 629 1302 sed
650 1229 813 1304 hostilem
835 1229 992 1302 animum
1015 1226 1112 1301 Eliae
1136 1227 1425 1322 exprobraverit,

196 1325 287 1416 acsi,
322 1327 405 1398 loco
428 1324 561 1414 amicae
585 1325 869 1414 admonitionis,
890 1323 934 1402 de
956 1345 1041 1418 rege
1066 1323 1113 1396 in·
1125 1343 1276 1420 peccato
1297 1323 1341 1395 de
1368 1343 1426 1396 te·

197 1421 314 1496 lrenso
344 1422 533 1494 laetaretur
564 1420 897 1518 triumphabundur,
932 1417 1038 1494 instar
1064 1416 1161 1513 ejus,
1194 1419 1254 1517 qui
1285 1418 1334 1491 ho
1388 1441 1425 1509 tn

197 1516 449 1616 prosternendi
464 1517 619 1612 reperit,
643 1535 680 1590 et
697 1518 805 1594 laetus
819 1531 959 1613 captat,
986 1521 1218 1589 occasionem.
1264 1515 1424 1613 Empha-
1461 1593 1465 1600 ,

197 1615 240 1688 tis
271 1611 388 1686 estin
423 1611 585 1708 epitheto
606 1612 702 1710 hostis
726 1619 792 1689 mil
823 1625 860 1688 et
883 1615 1026 1686 invenire
1056 1609 1108 1683 est
1137 1612 1264 1684 malurn
1294 1635 1337 1688 ac
1359 1635 1421 1687 ex·

200 1709 337 1784 cidium
359 1706 542 1797 invenire,
573 1706 710 1783 hostem
736 1734 779 1782 ue
803 1707 1058 1804 deprehensum
1081 1729 1124 1778 ac
1146 1706 1343 1802 superatum
1367 1726 1420 1782 te·

198 1829 301 1880 nere.
350 1803 556 1900 Respondet
581 1803 678 1894 Elia,
716 1811 751 1878 se
777 1801 949 1878 invenisse
982 1797 1122 1897 quidem
1152 1825 1275 1898 regem
1304 1803 1421 1877 irreti-

202 1921 307 1987 tum,
330 1919 368 1993 ct
383 1899 469 1972 mala
492 1919 608 1974 morte
631 1897 848 1997 periturum,
871 1896 1019 1978 sednon
1037 1895 1159 1972 hostili
1184 1923 1265 1971 cum
1280 1897 1421 1987 animo,

200 1995 331 2093 potius
353 1991 462 2084 tristi,
498 2016 646 2092 propter
668 1993 891 2072 insanabilem
915 1995 991 2094 ejus
1014 1993 1330 2090 depravationem,
1369 1996 1424 2067 uti

202 2094 318 2168 verba
339 2091 412 2187 ejus
431 2090 600 2184 habenta
620 2096 727 2166 inveni
739 2107 802 2182 tt,
833 2108 1003 2188 propterea
1025 2094 1107 2185 quod
1134 2105 1166 2163 te
1189 2086 1355 2187 vendidisti
1377 2090 1425 2163 ud

199 2191 330 2262 malum
359 2191 391 2260 r'n
415 2190 515 2261 oculis
538 2185 686 2280 Jelrovat
705 2187 922 2282 faciendum
965 2203 1079 2265 totum
1111 2184 1229 2284 itaque
1252 2206 1422 2285 quantum

204 2301 355 2382 peccato
370 2302 406 2356 et
423 2284 665 2397 corruptioni,
688 2281 793 2380 idque
809 2284 954 2380 sponte,
969 2281 1216 2378 mancipatum.
1253 2283 1421 2392 *Quando

202 2404 290 2454 mox
322 2379 468 2454 totalem
499 2403 573 2477 eJus
604 2399 642 2454 et
670 2377 794 2454 domus
824 2378 934 2460 totius
964 2375 1273 2476 exstirpationem,
1312 2378 1422 2474 qualis

199 2475 418 2573 jeroboamo
435 2493 474 2548 et
490 2475 613 2548 Baesae
629 2475 850 2572 contigerat,
874 2474 909 2548 ei
925 2473 1133 2563 denunciat,
1159 2473 1313 2570 Jezabeli
1331 2497 1420 2570 quo·

200 2596 271 2668 que
305 2568 344 2642 in
373 2570 492 2667 specie
519 2571 786 2650 dilaniationem
814 2593 878 2668 per
905 2591 1009 2643 canes
1038 2569 1077 2644 in
1107 2573 1322 2660 antemurali,
1387 2572 1425 2646 el

229 2665 412 2755 omocrio,
452 2667 512 2740 seu
542 2690 627 2763 agro
658 2665 930 2764 circumjacente
952 2664 1130 2761 Jitsraelis.
1177 2665 1219 2740 ld
1248 2595 1423 2762 enimlfl

198 2694 263 2838 liic
288 2759 454 2851 denotat,
478 2785 545 2860 pro
559 2786 629 2859 quo
707 2765 887 2860 lltReg.
904 2763 974 2835 lX:
1002 2786 1062 2853 ro,
1089 2768 1146 2856 36.
1170 2762 1312 2859 portio,
1335 2786 1421 2860 ager

197 2855 455 2936 haereditarius
486 2882 598 2958 prope
628 2864 770 2950 urbem,
807 2855 986 2946 occurrit5
1026 2857 1123 2936 sensu
1154 2865 1241 2956 ergo
1270 2860 1340 2934 eod
1407 2883 1422 2948 ς

197 2955 264 3032 nili
288 2953 410 3028 ethic
434 2977 499 3051 pro
521 2931 593 3048 bn,
617 2979 697 3030 cum
720 2955 838 3030 Chald.
863 2973 902 3028 et
924 2954 1000 3050 Syr.
1025 2953 1101 3051 quis
1122 2954 1194 3052 legi
1215 2955 1304 3029 velit
1379 2972 1422 3044 ῃ.

199 3056 289 3130 Hoc
305 3049 468 3123 sermone
483 3049 580 3126 Eliae
595 3075 677 3142 rex,
702 3071 864 3147 tanquam
880 3049 1046 3141 fulmine,
1063 3050 1194 3138 tactus,
1205 3049 1255 3122 ‘in
1265 3051 1419 3155 protun-

199 3150 285 3222 dam
300 3144 431 3219 incidit
447 3143 645 3237 tristitiam,
670 3167 726 3238 et,
750 3145 995 3244 poenitentiae
1010 3171 1052 3219 ac
1065 3145 1177 3219 luctus
1191 3145 1314 3216 habrtu
1329 3146 1421 3216 sum·

202 3263 268 3332 to,
299 3240 434 3316 incessit
456 3238 599 3318 stridulo
625 3266 705 3318 cum
728 3242 843 3333 sonitu
864 3265 906 3318 ac
929 3249 1106 3318 murmure
1130 3237 1275 3328 leniter,
1296 3239 1421 3317 casum

203 3337 307 3414 suurn
329 3335 529 3434 deplorans:
564 3336 684 3438 (notio
708 3339 803 3429 enirn
818 3339 930 3446 ‚primi
957 3337 1037 3411 enia
1059 3335 1162 3412 vocis
1183 3338 1246 3412 titt
1271 3333 1321 3410 est
1334 3337 1420 3437 strl·

201 3437 295 3510 doris
310 3459 350 3507 at
367 3437 494 3508 lenioris
510 3441 680 3528 murmuris
690 3431 719 3534 ,)
737 3459 812 3524 nec
828 3363 1061 3510 illud-sgrustra.
1099 3431 1279 3530 Judi'cium
1300 3435 1419 3529 enim,

201 3531 276 3605 hac
296 3529 518 3628 poenitentia
541 3529 825 3621 interveniente,
851 3551 938 3626 quae
962 3528 1034 3602 Dei
1057 3527 1116 3603 est.
1131 3529 1339 3622 clementia,
1363 3534 1418 3613 dia

200 3627 338 3714 latum,
363 3645 401 3698 et
422 3625 464 3698 ad
485 3627 613 3700 Filium
636 3629 710 3725 ejus
732 3625 934 3710 transsatum
955 3624 1025 3715 est,
1055 3650 1097 3700 ac
1120 3625 1156 3699 in
1180 3649 1225 3698 eo
1248 3624 1420 3724 inpletum

205 3746 228 3796 2
247 3725 340 3832 neg.
366 3721 430 3794 IX.
454 3721 503 3798 ita
526 3741 664 3814 tamen,
695 3742 735 3796 ut
759 3720 888 3818 aliquid
912 3722 950 3796 in
972 3720 1120 3796 Aclrabo
1140 3721 1217 3816 ipso
1240 3721 1283 3796 srt
1303 3721 1419 3821 'inple-

204 3837 319 3894 mentr
345 3816 594 3907 consecutum,
625 3817 704 3914 quia
726 3817 764 3892 in
788 3821 880 3894 bona
903 3817 959 3895 illa
980 3836 1100 3892 mente
1123 3841 1196 3893 non
1218 3816 1418 3916 persevera·

205 3914 283 3988 vit:
307 3913 395 3986 srcut
417 3936 493 4010 cap.
517 3914 586 4010 seq.
612 3914 728 3989 docet.
914 3987 918 3992 ,

254 4007 286 4108 s.
311 4007 460 4084 XCVII.
495 4009 656 4084 Tandem
680 4009 818 4099 ultima,
852 4009 911 4086 sed
936 4007 1139 4099 tristissrma,
1163 4008 1423 4096 vitae·Achabr'

200 4104 310 4179 ¹scena
334 4106 510 4201 aperitur,
535 4105 546 4178 i
575 4106 608 4180 se
624 4104 719 4195 enim
743 4107 947 4180 novobello
969 4131 1050 4180 cum
1065 4107 1416 4203 Syro-Damascenis,

206 4219 355 4298 propter
372 4202 529 4274 Ramoth
545 4225 583 4276 rn
601 4200 746 4294 Gilead,
770 4202 971 4298 inplicitus,
996 4202 1163 4276 societate
1185 4223 1323 4298 quoque
1339 4226 1421 4277 cum

207 4297 401 4397 Josapltato
416 4321 501 4396 rege
516 4295 644 4398 Judae,
662 4297 711 4392 ibi
724 4299 933 4467 praffiente,
944 4298 1053 4404 inita,
1069 4293 1224 4391 erectus,
1238 4314 1421 4396 praeterea

861 4417 880 4492 3
1280 4414 1322 4470 ·a
1343 4415 1426 4494 pro·
