3575 5884
287 1123 362 1206 514
472 1148 476 1157 ·
627 1103 776 1203 ffifloria
797 1101 1035 1206 Ecclefiastird
1053 1098 1098 1181 7.
1128 1102 1213 1179 Τ.’

286 1311 329 1367 ac
355 1283 558 1365 Aristobulo
587 1284 683 1362 dare,
729 1287 811 1390 Quo
840 1309 990 1363 munere
1023 1312 1103 1364 cum
1128 1286 1220 1388 festo
1249 1285 1522 1368 Tabernacul'o·

285 1402 367 1464 rum
391 1386 613 1483 fungeretur,
657 1402 792 1459 tantum
827 1405 1005 1459 meruerat
1037 1385 1233 1482 adplausum
1253 1440 1269 1473 ,-
1309 1405 1351 1459 ut
1378 1412 1516 1468 nomen

288 1485 364 1584 ejus
397 1482 506 1556 fuerit
539 1478 597 1553 ubi
624 1503 668 1554 ue
701 1482 928 1557 celebratum.
977 1481 1083 1584 Quod
1108 1480 1248 1556 Herodi
1280 1504 1386 1581 aegre
1418 1486 1518 1578 fuit,

287 1600 326 1656 et
352 1597 484 1652 metum
508 1504 668 1665 incdit,
705 1599 750 1649 ne
777 1577 872 1651 forte
897 1601 963 1677 per
1015 1578 1156 1675 opulum
1185 1577 1221 1649 in
1246 1576 1380 1653 throno
1404 1583 1513 1655 collo·

286 1694 444 1769 caretur,
486 1670 619 1768 quippe
644 1671 702 1746 cui
727 1673 974 1768 proximuma
1020 1699 1097 1750 eam
1124 1673 1360 1772 dignitatem,
1400 1701 1515 1776 aeque

286 1796 328 1848 ac
357 1766 628 1858 Pontificatum,
659 1771 716 1867 jus
742 1788 834 1858 erat,
861 1770 938 1865 Jos.
960 1773 981 1846 l.
1008 1795 1039 1844 c.

332 1865 469 1940 XDIX.
497 1864 660 1939 Furiofire
678 1865 761 1938 huic
775 1865 899 1938 domus
917 1866 1248 1958 Allamonaeorum,
1274 1870 1516 1964 quammaxi-

282 1985 342 2039 me
365 1960 553 2058 asperim
578 1959 748 2035 adfectati.
761 1960 862 2057 regni
879 1961 1051 2047 habebnt,
1078 1962 1339 2059 oppugnationi
1368 1988 1415 2040 ex
1493 2007 1515 2026 ·

284 2079 323 2136 te
349 2056 477 2148 etiam,
514 2076 554 2131 ut
578 2059 746 2148 videtur,
765 2076 951 2153 acceptum
975 2055 1164 2131 ferendum.
1182 2058 1254 2149 est,
1280 2061 1376 2156 quod
1449 2085 1514 2138 ex·

284 2155 447 2244 andram,
477 2153 623 2251 ejusque
649 2153 757 2227 filiam
781 2155 1037 2243 Mariamnem,
1062 2151 1222 2228 dueum
1250 2156 1334 2229 alias
1359 2181 1513 2235 uxorem

255 2303 260 2309 -
285 2252 405 2344 suam,
431 2249 603 2348 primum,
629 2248 769 2345 duplice
786 2247 888 2341 vice,
916 2251 1010 2324 arole
1028 2246 1291 2324 custodiendam
1309 2254 1514 2345 curaverit,

238 2431 246 2441 ,
284 2371 370 2425 cum
391 2345 555 2420 mandato
583 2368 641 2417 eas
667 2343 876 2435 occidendi,
915 2344 1097 2442 fialiquid
1122 2345 1202 2419 mali
1232 2345 1295 2420 mi
1321 2348 1513 2443 eveniret,

283 2445 368 2525 dein
402 2439 522 2538 reapse
555 2463 575 2512 e
607 2437 702 2512 vivis
736 2438 924 2515 abstulerit.
981 2439 1146 2540 Herodes
1179 2441 1300 2538 priore
1336 2444 1449 2538 vice,
1486 2469 1514 2522 a.

253 2600 256 2607 .
283 2543 489 2636 Cleopatra,
521 2559 559 2609 re
586 2533 643 2613 ina
667 2535 858 2706 AE'pypti,
884 2537 1062 2612 accusatus
1091 2537 1188 2632 apud*
1209 2538 1434 2633 Antonium,
1468 2561 1511 2617 et.

282 2628 327 2713 ab
356 2634 453 2732 ipsu,
479 2650 519 2707 ut
543 2558 585 2708 ad
611 2632 646 2706 se
670 2631 709 2706 in
783 2631 868 2705 riam
891 2632 1033 2720 veniat,
1059 2629 1206 2723 citatus,
1230 2634 1314 2710 duas
1339 2637 1413 2712 illas
1429 2638 1512 2711 foe-

239 2806 241 2811 ,
282 2733 394 2808 minas
421 2730 597 2827 Josepho,
621 2658 797 2803 auu'ncuio
821 2729 905 2820 suo,
939 2728 1033 2803 ardle
1057 2729 1280 2804 commilerat
1305 2733 1510 2808 custodien-

280 2826 361 2913 das,
387 2842 445 2912 et,
472 2824 496 2895 sr
523 2826 611 2895 male
637 2823 753 2896 secum
779 2824 873 2917 apud
898 2824 1100 2899 Antonium·
1119 2844 1303 2921 ageretur,
1331 2829 1509 2906 trucidan-

280 2921 361 3009 das3
387 2916 499 3013 quod,
533 2916 725 2991 Mariamni
749 2918 941 3016 aJosepho
971 2939 1094 2993 notum
1112 2919 1264 3014 fanum,
1290 2947 1370 2999 eam
1396 2926 1506 3000 velte·

279 3032 419 3094 menter
438 3011 476 3086 in
494 3013 679 3088 Herodem
706 3014 881 3106 irritavit,
907 3015 966 3112 qui
984 3016 1174 3113 Josephum
1198 3039 1392 3128 propterea
1411 3046 1506 3097 mor·

278 3131 317 3187 te
341 3107 493 3196 adfecit,
520 3127 682 3206 tanquam
702 3111 819 3185 illiciti
844 3136 925 3185 cum
953 3136 994 3184 ea
1019 3116 1223 3188 commereri
1249 3139 1373 3207 reum,
1397 3119 1506 3195 Alex·

278 3207 421 3284 a'ndram
440 3204 617 3280 custodiae
644 3207 884 3304 mancipavit3
910 3208 1015 3281 altera
1042 3209 1123 3283 vice
1143 3234 1243 3301 eum,
1270 3213 1434 3289 Antonio
1450 3215 1505 3290 fu·

279 3306 341 3398 fn,
374 3303 416 3380 ad
439 3300 635 3401 Augustum
664 3302 733 3377 sese
759 3303 964 3393 conferret,
1001 3304 1045 3377 de
1070 3327 1207 3382 eventu
1227 3307 1372 3404 dubius,
1408 3311 1503 3386 idern

278 3403 394 3499 r-[ursus
429 3398 520 3475 fecit
552 3423 615 3495 per
651 3399 871 3499 Josephum,
915 3399 1172 3476 thesaurarium.
1194 3405 1322 3497 suum,
1349 3426 1405 3483 xet
1435 3409 1503 3483 So·

277 3501 445 3588 hemum,
471 3495 676 3571 familiarem
701 3496 797 3570 suum
816 3495 990 3587 amicum,
1016 3495 1076 3593 qui
1100 3523 1156 3574 eas
1172 3499 1210 3573 in
1236 3500 1386 3576 castello·
1397 3505 1503 3585 Alex·

278 3595 433 3671 andrion-
450 3593 556 3668 ardle‘
573 3592 807 3683 custodirent,
842 3614 899 3684 et,
942 3591 1047 3665 sires
1073 3593 1134 3669 fibi
1160 3596 1250 3670 male
1277 3598 1499 3694 firccederet,

276 3689 503 3767 acciderent.
547 3690 653 3766 Unde
681 3689 827 3763 tandem
846 3690 975 3762 summa
1000 3688 1071 3762 fuit
1096 3711 1177 3767 orta-
1197 3693 1295 3767 inter
1324 3720 1404 3788 eas,
1435 3699 1505 3774 hac

279 3784 325 3861 de
353 3809 391 3857 re
418 3784 589 3858 certiores
613 3785 738 3875 fallas,
774 3805 810 3858 et
835 3785 1017 3860 Herodem
1042 3784 1235 3878 discordia,
1268 3815 1359 3887 quae
1384 3792 1423 3867 in
1445 3820 1499 3870 ea·

276 3886 358 3965 rium
391 3880 536 3953 caedem
570 3880 671 3956 exiit.
728 3881 926 3956 Mariamne
960 3907 1040 3956 cum
1074 3883 1143 3980 ipsi
1174 3887 1337 3983 injurias,
1375 3888 1436 3964 libi
1460 3908 1504 3964 et

280 3970 404 4077 domui
420 3974 729 4051 Allamonaeorum
757 3977 888 4071 illatas,
911 3981 1171 4078 exprobrallet,
1197 4002 1235 4056 et
1250 3984 1438 4060 Herodem
1460 3986 1497 4062 in

277 4080 438 4156 furorem
467 4072 692 4165 conjecisset,
719 4077 856 4148 Salome
878 4079 954 4171 ejus
978 4077 1093 4168 soror,
1117 4079 1355 4154 Mariamnem
1383 4081 1497 4159 illiciti

277 4169 486 4249 commercii
512 4190 591 4241 cum
620 4172 796 4259 Sohemo,
832 4192 1013 4267 praeterea
1038 4174 1170 4248 veneni
1196 4176 1336 4249 Herodi
1363 4179 1500 4274 parati,

277 4294 373 4349 ream
398 4266 555 4361 agendo,
595 4287 669 4344 rem
698 4290 743 4340 eo
765 4267 931 4357 adduxit,
965 4289 1005 4342 ut
1029 4272 1204 4361 accusata,
1240 4272 1426 4367 damnata,
1446 4298 1502 4352 ac

266 4387 394 4447 'morte
420 4362 529 4438 fuerit
555 4360 698 4459 adfecta.
749 4365 915 4436 Ceterum
945 4365 1165 4456 Mariamne,
1198 4366 1286 4441 teste
1312 4369 1384 4465 Jos.
1409 4373 1495 4449 Ant.

276 4465 375 4542 XV:
391 4484 424 4558 7.
450 4460 536 4535 licet
563 4458 691 4560 pudica
714 4456 842 4567 fuerit,
867 4477 906 4531 et
932 4483 1013 4555 erga
1030 4464 1214 4538 Herodem
1239 4464 1379 4563 fidelis,
1397 4468 1497 4569 inge.

273 4562 378 4681 grum
400 4557 525 4640 habuit
544 4557 737 4656 muliebre,
764 4555 878 4639 mms.
896 4554 1137 4652 odosm,=et
1161 4561 1351 4664 marium,
1376 4586 1497 4747 «ωὲἰεί
