3575 5884
696 1035 882 1150 Periodas·
909 1037 1047 1150 llslctra.⁸
1133 1037 1157 1052 Ἰ
1262 1141 1264 1147 i
1425 1053 1502 1172 39}

278 1251 341 1335 diu
369 1251 624 1345 obtinuerunt,
650 1250 699 1327 ita
727 1251 952 1343 eruditione,
978 1250 1085 1350 gestis
1109 1268 1146 1324 et
1163 1249 1324 1349 scriptis,
1352 1253 1423 1331 sese
1441 1281 1500 1334 ce⁶

278 1349 505 1449 leberrimum
522 1350 686 1424 reddidit.
734 1352 776 1422 In
792 1349 939 1423 scientia
956 1347 1043 1446 legis
1065 1367 1179 1423 tantos
1195 1351 1287 1446 jam,
1317 1375 1361 1442 14
1374 1377 1497 1430 ⁴annos

279 1467 404 1538 natus,
429 1444 563 1522 fecerat
587 1443 808 1543 progressus,
836 1464 874 1519 ut
895 1444 1089 1543 pontifices
1112 1464 1150 1518 et
1176 1448 1349 1543 primores
1374 1447 1498 1545 populi

277 1541 397 1645 ipsum
422 1542 593 1633 adierint,
628 1560 668 1614 ut
695 1539 739 1614 de
767 1541 955 1707 penitiore
978 1540 1095 1638 legum
1127 1541 1225 1621 sensu
1252 1542 1381 1617 certius
1414 1540 1502 1643 quid

278 1638 551 1810 cognoscerent.
600 1636 743 1710 Deinde

278 1760 322 1817 &C

782 1635 869 1710 ediis
886 1630 1170 1728 Pharisaeorum,
1197 1637 1501 1735 Sadducaeorum,

369 1734 568 1823 lleuorunr,
594 1729 826 1828 perlustratis,
853 1753 889 1805 et
910 1757 954 1805 eo
972 1732 1103 1829 scopu,
1122 1733 1159 1806 in
1173 1737 1414 1809 contubernio
1433 1735 1496 1810 ali-⁴

278 1834 380 1930 cujus
406 1828 513 1918 Bani,
556 1827 740 1901 severioris
772 1826 869 1902 ritae
895 1826 1090 1901 institutum
1123 1829 1160 1906 iu
1187 1829 1327 1905 deserto
1350 1830 1504 1907 sedatur

327 1953 345 2002 r
377 1924 569 2000 triennium
601 1924 672 1999 sese
705 1922 818 1996 seetae
850 1923 1131 2016 Pharisaeorum,
1166 1949 1275 2000 annos
1308 1945 1354 2018 19
1377 1947 1501 2025 natus,

278 2021 471 2122 adplicuit:
505 2019 562 2093 cui
590 2019 695 2094 etiam
722 2043 787 2115 per
812 2042 917 2093 omne
951 2038 1090 2116 tempus
1113 2019 1245 2095 adfixus
1270 2022 1414 2112 mansrt,
1449 2024 1504 2107 ita

280 2140 423 2206 tamen,
464 2135 503 2187 ut
527 2118 632 2224 longe
660 2114 771 2187 fuerit
794 2114 1038 2189 moderatioris
1074 2116 1204 2208 animi,
1247 2139 1315 2190 nec
1347 2118 1432 2192 alios
1457 2121 1501 2194 ad

280 2214 494 2312 religionem
530 2234 612 2307 cogi
639 2208 812 2298 voluerit,
854 2209 1026 2301 statuens,
1067 2232 1106 2284 ut
1130 2211 1161 2309 l.
1190 2235 1247 2309 23.
1281 2212 1319 2287 in
1343 2212 1419 2287 vita
1442 2207 1502 2293 sui

280 2313 393 2398 dicit,
428 2331 575 2404 artemque
599 2331 640 2378 ea·
668 2309 769 2379 animi
795 2304 855 2402 sui
878 2309 1044 2381 roluntote
1071 2325 1213 2406 oportere
1243 2309 1349 2382 Deutrt
1378 2307 1520 2407 colere,¹

279 2428 313 2489 et
341 2429 403 2481 non
421 2407 465 2476 od
490 2408 523 2476 id
543 2401 736 2497 faciendum
761 2404 842 2496 cogi.
894 2403 1031 2492 Roma,
1058 2427 1159 2500 quam
1180 2405 1218 2477 in
1243 2404 1392 2502 gratiam
1411 2411 1501 2481 nonss

279 2504 455 2594 nullorum
483 2497 721 2588 sacerdotum,
746 2497 805 2594 qui
819 2495 918 2665 ¹{ullu
943 2499 1070 2572 Felicis
1095 2499 1278 2596 praesidis,
1312 2502 1428 2577 levem
1452 2501 1501 2583 ob

280 2598 440 2683 causam,
463 2619 506 2668 eo
522 2592 634 2667 vincli
651 2611 751 2667 erant
767 2591 816 2664 mi
867 2647 876 2681 ,
902 2592 989 2665 adiit
1010 2603 1076 2683 26,
1103 2615 1143 2668 ut
1161 2615 1279 2669 textus
1296 2595 1422 2687 habet,
1441 2598 1501 2679 vel

282 2720 355 2785 21,
383 2708 480 2764 natus
503 2713 632 2778 annos,
659 2689 709 2763 uti
727 2689 769 2762 ab
793 2685 871 2761 aliis
889 2689 1112 2781 emendatur,
1164 2689 1332 2787 uibusque
1359 2693 1500 2767 liberta3

282 2801 359 2867 tem
385 2810 458 2860 non
482 2806 639 2873 tantum,
666 2808 731 2880 per
754 2784 910 2856 Mimum
935 2784 1107 2881 quendam
1135 2714 1324 2882 iudaeum,
1356 2787 1502 2866 Neroni

346 2905 441 2971 tum,
467 2882 525 2955 sed
550 2900 587 2954 et
610 2878 771 2953 savorem
798 2881 847 2954 Po
872 2902 1001 2975 paeae,
1027 2880 1147 2955 uxoris
1173 2883 1265 2977 ejus,
1291 2882 1354 2962 srbi
1380 2877 1502 2983 acqui-¹
1585 2918 1587 2922 ·

280 2911 386 3068 divin
421 2979 459 3051 iu
487 2977 635 3075 patriam
669 2975 798 3066 redux,
855 2975 1001 3065 udaeos,
1035 2977 1077 3051 ad
1105 2977 1234 3051 bellum
1263 3002 1343 3053 cum
1368 2980 1503 3056 Roma-¹

279 3078 357 3169 nis,
398 3091 437 3147 ut
462 3074 499 3147 in
524 3075 723 3147 libertatem
746 3073 782 3144 se
808 3069 1050 3161 vindicarent,
1089 3071 1162 3168 jam
1176 3094 1344 3170 paratos,
1386 3078 1430 3153 ab
1456 3074 1504 3153 eo

310 3170 470 3270 toposrto
497 3167 595 3243 omni
618 3167 725 3241 modo
749 3164 941 3241 absterrere
957 3165 1100 3263 quidem
1130 3188 1277 3242 conatus
1305 3170 1377 3261 est,
1402 3174 1504 3251 malis

281 3269 369 3347 ande
394 3264 574 3340 eventuris
598 3261 678 3360 ipsis
705 3265 751 3336 ob
788 3263 908 3336 oculos
958 3260 1072 3355 ositis,
1113 3264 1172 3338 sed
1199 3288 1278 3338 curn
1306 3266 1395 3337 nihil
1428 3259 1503 3344 noti

283 3382 424 3440 tantum
449 3359 627 3451 efficeret,
662 3381 785 3434 rerum
812 3377 850 3430 et
878 3355 951 3455 ipe
975 3359 1013 3433 in
1035 3357 1268 3455 suspicionem
1303 3357 1505 3455 collusionis

278 3471 368 3538 'eum
396 3457 568 3532 Romanis
599 3454 741 3531 veniret
773 3477 814 3529 ac
843 3453 941 3528 vitae
973 3452 1183 3544 discrimen,
1223 3453 1347 3528 volens
1377 3455 1505 3534 nolens

284 3559 379 3637 bello
403 3553 603 3651 inplicitus,
629 3551 746 3627 missus
773 3549 824 3623 est
848 3571 941 3622 anno
965 3549 1090 3623 aetatis
1120 3574 1238 3644 goma,
1270 3548 1401 3626 summa
1425 3555 1504 3628 ves·

281 3654 372 3730 t'itus
397 3647 591 3746 potestate,
616 3646 654 3722 in
679 3647 867 3722 Galilaeam
894 3667 973 3719 ann.
999 3668 1068 3720 aer.
1095 3645 1145 3722 V.
1173 3652 1291 3738 ormo,
1323 3647 1505 3747 utriusque

282 3747 462 3826 Galilaeae
489 3743 625 3833 reclor3
668 3742 710 3816 ad
733 3768 787 3818 res
817 3739 867 3814 ibi
895 3743 1046 3819 turbatas
1079 3741 1119 3817 in
1144 3741 1306 3822 ordinem
1338 3747 1505 3847 redigen·

279 3835 363 3935 (ias,
388 3861 427 3916 et
449 3839 620 3915 Romanis
644 3837 879 3914 resistendum.

292 3945 298 3954 “
326 3939 361 4040 §.
387 3937 555 4012 DLXIX.
582 3933 758 4009 Praestitit
780 3934 852 4008 sese
880 3930 918 4005 in
946 3955 991 4005 eo
1015 3931 1152 4024 virum,
1178 3933 1215 4009 in
1239 3960 1279 4011 re
1303 3935 1425 4012 bellica
1440 3952 1506 4034 pe·

280 4035 394 4127 ritum
417 4033 559 4132 quidem
583 4049 621 4104 et
646 4030 842 4122 strenuum,
881 4028 940 4100 sed
965 4026 1060 4100 sunul
1079 4029 1310 4127 prudentem.
1359 4035 1505 4130 Jotapa·¹

283 4138 380 4223 tam,
412 4154 433 4204 a
455 4128 577 4205 Flavio
606 4127 820 4224 Vespasiano
845 4145 867 4194 0
896 4143 1104 4221 pugnatam,
1131 4127 1176 4203 ali
1203 4128 1329 4206 nandiu
1357 4129 1506 4204 fortiter

282 4225 467 4317 defendit,
491 4249 533 4298 ea
550 4241 721 4320 occupata
746 4246 825 4296 ann.
890 4221 948 4295 Er.
974 4221 1023 4295 V.
1050 4229 1118 4318 67,
1143 4154 1351 4313 eiatibuliS,
1378 4224 1505 4321 quibus¹

281 4325 357 4405 sese
374 4323 633 4407 occultaverat,
658 4317 833 4393 extradus
849 4315 951 4391 venit
967 4315 1071 4393 vivus
1090 4320 1127 4393 in
1142 4340 1261 4391 manus
1277 4318 1504 4420 Vespasiani:

280 4441 327 4497 ac
352 4423 390 4495 in
415 4418 558 4493 vincula
583 4415 763 4510 conjeslus
788 4412 859 4506 est,
891 4413 1007 4489 donec
1032 4412 1209 4512 inperium
1232 4413 1297 4512 ipst
1325 4437 1363 4490 et
1389 4415 1507 4526 Tiro,

281 4504 361 4621 &jus
382 4514 481 4625 filiu,
505 4510 695 4600 secundum
716 4510 930 4690 vatickipium
949 4532 1042 4594 tuac
1065 4510 1266 4617 vulgatum),
1299 4512 1344 4614 de
1366 4515 1505 4613 lupera*
1615 4589 1616 4593 t

405 4658 413 4665 ·
849 4628 978 4710 {aee
1434 4626 1508 4709 litt
