3575 5884
299 1157 371 1253 176
642 1151 788 1258 {astruo
812 1142 1051 1258 'Ec-tieli'aflica‘¹
1070 1154 1112 1232 V.
1142 1151 1184 1231 T.

295 1347 404 1411 onem
427 1332 523 1411 reste
545 1332 750 1428 capiendam
776 1336 844 1412 tria
868 1339 1048 1434 pertinent
1073 1335 1245 1434 quaesita,
1269 1352 1445 1430 quaenam
1460 1330 1529 1409 sci·

217 1490 221 1499 .
294 1432 382 1508 licet
405 1433 447 1507 srt
469 1430 614 1520 mulier,
650 1453 688 1505 et
711 1435 840 1529 qualis,
874 1453 912 1507 et
937 1459 1003 1533 qua
1026 1454 1165 1509 ratione
1191 1454 1271 1507 cmn
1292 1453 1336 1502 ea
1358 1427 1528 1515 debuerit

208 1592 212 1599 .
295 1527 467 1637 propheta
492 1527 625 1625 agere?
655 1552 685 1603 1.
712 1532 834 1618 Uxor,
861 1554 950 1626 quae
974 1533 1011 1606 in
1036 1529 1176 1606 scenam
1200 1523 1429 1623 producitur,
1456 1547 1527 1599 nec

293 1625 347 1701 est
369 1622 508 1698 alterius
531 1621 668 1714 mariti,
703 1649 789 1720 qnae
814 1629 857 1699 ab
881 1651 927 1700 eo
950 1625 1120 1717 descivit,
1145 1622 1238 1723 quud
1261 1624 1305 1696 ab
1330 1621 1431 1694 omni
1456 1622 1521 1694 ho·

292 1719 427 1795 nellate
451 1718 637 1810 abhorret,
665 1739 702 1794 et
728 1721 869 1816 apodosr
893 1722 1114 1812 adversatur,
1139 1745 1220 1795 cunr
1236 1720 1336 1793 Deus
1351 1717 1520 1812 populum

291 1815 388 1890 suum
420 1814 633 1889 adsumendo
664 1817 799 1891 censeri
826 1839 979 1915 nequeat
1011 1819 1160 1894 alienam
1184 1812 1318 1889 duxisse
1345 1836 1517 1902 uxorem,

289 1934 358 1985 nec
383 1911 491 1985 etiam
517 1911 641 1989 eadem
665 1911 735 2003 est,
776 1938 879 2011 quam
912 1915 1084 2011 propheta
1115 1912 1230 2009 prima
1257 1909 1342 1986 vice
1369 1907 1519 1984 duxerat

290 2029 368 2102 cap.
396 2010 424 2082 l.
450 2031 533 2082 cum
556 2007 643 2082 nihil
668 2009 706 2082 in
734 2030 835 2084 textu
860 2010 923 2102 srt,
949 2011 1042 2108 quod
1056 2009 1259 2109 generalem
1279 2002 1437 2083 mulieris
1452 2027 1517 2077 no·

290 2104 429 2187 tionem
454 2100 578 2178 restrin
605 2124 641 2179 at
663 2105 707 2178 ad
724 2107 858 2181 Gomer
880 2131 913 2182 e.
939 2110 978 2198 1,
1010 2107 1084 2181 imo
1107 2128 1179 2179 non
1203 2125 1311 2193 uxor,
1343 2118 1404 2174 aut
1426 2120 1516 2174 uxor

290 2218 374 2292 tua,
395 2199 545 2289 dicitur,
571 2129 630 2275 rid
647 2201 790 2294 mulier,
815 2203 966 2302 denique
979 2202 1122 2300 jubetur
1137 2195 1330 2297 propheta,
1356 2219 1437 2269 eam
1453 2193 1516 2269 fibi

289 2299 378 2374 dote
401 2318 625 2392 comparare,
667 2296 776 2368 etiam
800 2323 934 2388 arnare5
976 2300 1071 2394 quod
1095 2298 1139 2372 ad
1163 2292 1343 2393 propriam
1367 2313 1518 2369 uxorem

290 2392 479 2467 commode
512 2388 636 2461 referri
660 2390 804 2486 nequit:
838 2391 917 2482 sed,
958 2394 1046 2468 sieut
1072 2416 1204 2467 novum
1228 2388 1369 2488 prorsus
1399 2385 1516 2463 visum

289 2484 363 2576 est,
389 2484 439 2558 ita
459 2505 588 2559 novam
615 2500 653 2558 et
679 2485 781 2559 aliam
794 2487 939 2583 jubetur
953 2488 1084 2564 ducere
1101 2510 1260 2575 uxorem,
1307 2481 1417 2590 Quod
1432 2505 1516 2561 cum

287 2579 405 2659 nostra
428 2577 616 2676 hypothesi
639 2577 683 2652 de
708 2581 785 2655 viso
810 2581 982 2658 ecstatico
1006 2585 1104 2659 reete
1136 2578 1313 2671 consistit,
1353 2577 1516 2655 maxime

289 2687 373 2754 'cunr
391 2674 530 2767 diuersa
553 2672 621 2749 ssnt
636 2675 729 2767 visa,
755 2700 844 2775 quae
860 2677 1004 2753 diversis
1028 2680 1257 2776 contigerunt
1273 2672 1515 2772 temporibus,

285 2773 349 2944 {pls
387 2794 431 2845 ue
464 2769 622 2881 exppelsc
648 2772 812 2869 jubeatur
837 2778 953 2850 -alrera
984 2774 1066 2852 vice
1099 2774 1234 2849 sumere
1266 2793 1515 2850 uxorema.

333 2870 430 2941 ulter·
446 2888 556 2956 vetor
574 2884 622 2939 -ut
646 2869 849 2966 qualitatem
873 2871 955 2969 ejus¹
970 2894 1168 2970 exponam,
1200 2864 1364 2944 nonfuit
1386 2866 1514 2960 vitae,

284 2964 347 3047 sed
372 2960 499 3036 indolis
522 2960 749 3055 libidinosae,
775 2988 863 3061 quae
888 2969 1046 3042 nondum
1068 2967 1183 3042 suerat
1199 2964 1370 3054 scortata,
1394 2960 1458 3037 sed
1473 2961 1515 3041 se

282 3056 324 3135 in
343 3055 520 3156 posterum
536 3062 808 3135 commacularet
824 3059 1015 3154 adulterio,
1037 3065 1110 3161 jam
1126 3085 1216 3138 uxor
1231 3059 1333 3137 facia
1379 3057 1514 3164 Quod,

283 3155 373 3231 sac'ut
396 3174 442 3227 ex
471 3152 572 3249 supra
596 3153 700 3230 distis
723 3155 766 3230 ad
790 3154 904 3231 visum
913 3160 1152 3325 praecedens,
1177 3157 1229 3231 ita
1248 3179 1294 3230 ex
1311 3153 1386 3253 ipso
1404 3173 1513 3233 textu

282 3249 472 3328 evidenter
493 3266 614 3345 patet,
640 3274 721 3327 cunr
744 3251 912 3325 muliera
935 3254 1084 3350 pelletur
1106 3269 1219 3329 ornato
1233 3250 1324 3349 socio
1348 3269 1387 3324 et
1409 3253 1507 3327 adal·

282 3352 401 3424 aerium
426 3344 673 3437 committens3
715 3346 795 3441 post
818 3346 946 3422 initum
970 3349 1089 3448 itaque
1122 3345 1397 3422 matrimonium.
1446 3346 1507 3420 So·

279 3445 353 3524 aaa
379 3464 466 3518 vero
490 3438 542 3516 est
567 3439 640 3539 ipse
662 3441 825 3534 maritus,
851 3466 898 3517 eo
923 3445 1067 3520 nomine
1092 3463 1134 3519 et
1150 3442 1253 3532 alibi,
1273 3462 1318 3517 nt
1343 3443 1415 3540 Jer.
1434 3444 1504 3519 lll:

257 3542 346 3616 'no
374 3559 410 3615 et
426 3536 531 3633 alibi,
556 3535 759 3637 insignitus,
784 3560 851 3612 nec
868 3538 954 3614 alius
977 3566 1019 3616 ae
1034 3540 1108 3636 ipse
1131 3539 1324 3636 propheta,
1346 3537 1406 3635 qui
1423 3560 1508 3617 eam

277 3634 422 3732 jubetur
453 3657 592 3720 amare;
631 3658 713 3709 cum
742 3635 951 3732 ceteroquin
981 3635 1121 3711 alterius
1153 3633 1272 3710 suisset
1303 3657 1394 3709 uxor
1416 3655 1505 3711 ante

281 3727 489 3834 conjugium
514 3750 594 3799 cum
618 3731 810 3826 propheta,
833 3733 944 3805 etiam
968 3752 1052 3807 ante
1077 3732 1252 3823 adultera,
1276 3729 1370 3841 quod
1392 3730 1505 3805 modo

277 3824 455 3912 refutavi,
495 3840 564 3896 nec
588 3826 761 3919 propheta
787 3847 871 3900 tunc
894 3852 977 3903 cum
999 3831 1080 3904 Deo
1104 3850 1299 3924 comparari
1321 3822 1435 3922 pollet
1460 3825 1503 3903 in

278 3921 352 3995 hoc
366 3919 597 4026 emblemate,
622 3919 680 4011 sed
695 3944 776 3996 cum
793 3921 861 3999 alio
879 3924 1024 4001 deberet
1036 3923 1185 4016 marito,
1202 3924 1295 4021 quod
1309 3920 1504 4015 abhorret3

276 4017 408 4092 mulier·
419 4035 519 4087 emm
541 4014 674 4090 asocio
691 4016 886 4096 desciscens
911 4021 1074 4121 expingit
1092 4043 1138 4117 po
1163 4023 1277 4113 ulum,
1301 4019 1421 4092 aDeo
1436 4018 1526 4093 de?

275 4113 460 4188 sicientem
484 4132 519 4184 ν.
550 4133 582 4184 1.
631 4113 758 4187 Sensus
789 4114 909 4214 itaque
936 4117 1007 4208 est,
1048 4043 1256 4213 propiietam
1281 4113 1351 4188 else
1375 4110 1501 4191 mulie·

275 4215 355 4285 r'em
370 4225 584 4296 amaturum,
609 4230 698 4302 qnae
721 4231 741 4280 a
754 4207 846 4299 socio
857 4210 946 4318 suo,
970 4212 1030 4286 seu
1046 4213 1175 4289 marito
1196 4210 1387 4308 propheta,
1411 4210 1503 4289 defi·

276 4324 377 4381 ceret
404 4303 445 4375 ad
467 4300 634 4393 >amasios,
661 4321 698 4375 et
721 4303 928 4379 adulterrum
953 4309 1210 4383 committeret.

320 4399 360 4503 §.g
379 4398 571 4474 CLXXIX.
615 4420 648 4492 3.
676 4396 719 4471 In
743 4396 845 4474 scena
866 4402 1083 4498 adornanda,
1117 4423 1157 4478 ut
1190 4401 1274 4501 quid
1304 4402 1503 4498 prohetae

275 4495 448 4595 agendum
473 4492 707 4591 praecipiatur
729 4494 768 4568 in
793 4496 907 4571 lucem
930 4500 1098 4595 prodeat,
1132 4498 1280 4573 nonest
1304 4497 1346 4573 ad
1369 4422 1436 4573 ias
1457 4499 1500 4574 il·

170 4600 178 4621 '
271 4591 554 4692 lasveplrrases,
582 4612 623 4671 ut
644 4591 915 4692 passim-fusium
937 4594 1011 4697 est,
1043 4595 1105 4689 sed
1129 4613 1245 4677 totum
1266 4593 1440 4769 sermosnis
1462 4615 1503 4671 et

287 4692 317 4742 ξ’.
847 4766 857 4779 ἡ
901 4750 914 4763 ,
1387 4710 1496 4769 eme
