3575 5884
550 1193 577 1241 ⁷‘'
632 1210 788 1290 feritissrr
811 1209 962 1318 ,Quintus
1008 1230 1069 1327 ‡·=··‘·.
1353 1238 1420 1325 373

190 1401 336 1474 certum
362 1388 451 1467 defit
485 1386 679 1467 criterium.
726 1390 893 1493 Quintam
924 1389 1056 1466 certius
1079 1390 1222 1466 videtur
1244 1389 1422 1489 capitibus

194 1494 332 1579 tribus,
359 1490 434 1578 IX,
458 1489 515 1577 X,
540 1506 578 1561 et
602 1490 674 1577 XI,
700 1487 987 1585 comprehensam
1012 1487 1103 1577 esse3
1146 1487 1233 1587 quia¹
1251 1488 1327 1587 cap.
1352 1480 1425 1583 ΧΙῙι
1502 1508 1504 1512 ·

195 1583 471 1666 luculentissimo
495 1583 683 1680 promisso,
709 1582 748 1669 in
771 1586 881 1659 Nova
905 1583 1114 1659 oeconomIa
1132 1585 1284 1661 Messiae
1302 1582 1420 1665 maxi·

199 1709 258 1761 me
289 1681 453 1779 inpleto,
477 1678 696 1757 terminatur.
738 1682 877 1756 Sestum
907 1700 983 1776 cap.
1009 1680 1079 1753 XII
1105 1698 1152 1755 et·
1165 1682 1255 1757 XIII
1279 1680 1420 1777 tribuo,

203 1804 285 1856 cum
307 1775 421 1874 capiti
446 1776 547 1849 XIII.
563 1776 684 1857 finem
712 1777 859 1876 inponat
880 1773 1046 1849 disertum
1068 1774 1272 1872 promissum
1293 1776 1419 1862 libera:

202 1875 313 1951 rionis
332 1878 378 1947 ab
402 1870 514 1945 exilio
534 1871 768 1965 Babylonico,
795 1893 834 1945 et
855 1869 1029 1969 potestate
1055 1868 1191 1949 mortis.
1231 1873 1421 1973 'Septimum

205 1970 362 2068 denique
383 1966 448 2042 fibi
472 1965 629 2042 vindicat
653 1991 729 2066 cap.
756 1969 884 2049 xlv,
1327 1968 1356 2060 J
1414 1967 1419 2036 '.

244 2066 278 2167 5.
303 2063 487 2139 CLXXV.
530 2066 618 2137 Cum
641 2087 729 2137 vero
762 2063 918 2161 priorem
942 2060 1023 2138 libri
1044 2080 1180 2160 partem
1212 2087 1244 2140 c.
1279 2067 1444 2147 I-III(

205 2163 319 2239 visum
342 2157 530 2234 continere
552 2157 756 2234 ecstaticum
781 2158 877 2247 dixi,
908 2157 955 2231 de
979 2183 1020 2232 ea
1044 2178 1201 2232 mentem
1223 2161 1327 2258 paulo
1349 2150 1420 2239 disi

205 2257 349 2337 anthus
365 2276 562 2351 exponam,
575 2253 737 2331 maxime
759 2253 854 2353 quod
876 2253 920 2326 ad
943 2251 1053 2329 vitam
1069 2255 1266 2352 prophetae
1289 2254 1422 2352 aliquid

202 2354 336 2433 saciat·
371 2351 519 2423 Enarrat
542 2350 717 2458 propheta
745 2375 825 2448 cap,
854 2352 883 2424 1.
917 2347 1097 2447 usquead
1129 2374 1164 2426 v.
1200 2376 1234 2448 3.
1267 2374 1343 2449 cap.
1369 2352 1419 2431 II.

202 2451 237 2527 se
260 2447 353 2549 jussu
378 2444 456 2520 Dei.
475 2442 609 2519 duxisse
632 2469 787 2521 uxorem·
800 2444 1074 2536 scortationum,
1108 2469 1154 2520 ex
1175 2471 1217 2521 ea
1242 2466 1313 2522 tres
1336 2471 1421 2552 pro-.

203 2564 342 2622 creatos
372 2540 444 2615 esse
464 2539 615 2633 liberos,
656 2541 857 2617 nominibus
889 2540 1090 2639 symbolicis
1112 2567 1133 2618 a
1158 2544 1241 2618 Deo
1270 2539 1421 2643 insigni-2

205 2638 281 2732 tos,
321 2661 410 2736 quae
433 2634 627 2735 graviffima
650 2637 722 2711 Dei
741 2636 894 2735 judicia,
936 2636 973 2729 in
999 2637 1159 2712 Israelem
1183 2637 1417 2730 inmittenda,

200 2760 269 2838 per
291 2754 366 2808 tres
388 2731 514 2830 gradus
527 2731 804 2828 portendebant,
831 2733 881 2807 ita
905 2749 1042 2832 tamen,
1067 2752 1107 2805 ut
1125 2733 1163 2817 in
1187 2733 1318 2807 eximia
1334 2742 1419 2833 pro·

200 2830 305 2911 missa
335 2827 486 2902 exirent.
534 2826 631 2901 Dein
662 2830 761 2902 Deus
794 2827 868 2925 ipse
901 2852 932 2902 c.
967 2831 1013 2902 II:
1047 2829 1186 2918 4-vfin.
1219 2829 1257 2904 in
1282 2828 1422 2907 scenam

200 2922 442 3006 introducitur
477 2943 637 3021 tanquam
662 2943 801 3016 orator,
827 2942 864 2997 et
888 2923 1009 2997 causae
1028 2923 1122 3024 suae¹
1127 2943 1323 3032 patronus,
1357 2928 1421 3022 qui

192 3056 195 3060 ·
200 3018 418 3123 judiciorum
435 3018 573 3092 iIIorum
595 3019 766 3118 justitiam
788 3021 830 3095 ab
848 3018 1015 3092 omnibus·
1035 3018 1341 3096 criminationibus
1358 3025 1420 3097 de,

198 3117 344 3205 sendit,
368 3114 519 3211 primurn
545 3138 589 3190 ex
606 3117 762 3214 peccatis
782 3140 823 3195 ac
839 3114 1046 3200 criminibus
1068 3114 1229 3189 adulterii
1257 3117 1417 3217 spiritua&

200 3218 265 3306 Iis,
290 3210 418 3309 quibus
439 3211 526 3284 mala
543 3209 599 3284 illa
621 3233 720 3286 erant
741 3210 882 3304 meriti,
908 3208 992 3283 dein
1016 3233 1061 3283 ex
1078 3235 1199 3307 eorum
1223 3213 1350 3310 scopo,
1376 3216 1419 3290 ac¹

200 3309 344 3390 salutari
367 3306 623 3405 consequente,
647 3308 708 3382 seu
724 3327 867 3383 eventu.
890 3303 1103 3478 Ruaestio,
1130 3333 1217 3406 quae
1235 3334 1300 3383 nos
1323 3310 1420 3394 nune

197 3426 343 3499 ‚rantum
369 3422 558 3497 occupatos
582 3403 739 3495 tenebit,
773 3403 852 3477 satis
874 3399 909 3474 di
951 3400 1026 3476 cilis
1052 3403 1201 3476 definito
1227 3404 1298 3490 est,
1332 3420 1418 3480 num

203 3498 377 3600 ejusmodi
408 3498 660 3572 commercium
683 3504 769 3577 vere
794 3516 830 3571 et
854 3495 933 3572 astu
961 3494 1057 3595 ipso,
1092 3522 1136 3569 an
1161 3496 1347 3585 ecstatice,
1380 3500 1420 3591 et

204 3595 360 3685 inviso,
388 3591 510 3666 suerit·
544 3619 584 3667 ro
610 3595 740 3669 hetae?
766 3591 859 3668 circa
882 3617 984 3689 quam
1000 3594 1117 3666 secum
1140 3590 1347 3666 dissentiunt
1364 3592 1418 3669 in·

200 3711 391 3790 terpretes.
439 3688 498 3762 Au
521 3619 617 3764 renii
640 3690 736 3764 enim
761 3713 833 3764 non
852 3688 952 3779 sunt,
977 3686 1036 3781 qui
1064 3711 1129 3784 pro
1150 3709 1236 3786 pura
1257 3707 1342 3786 puta
1357 3717 1418 3788 pa·

197 3788 321 3867 rabola
335 3785 486 3859 habent:
512 3807 592 3861 cunr
607 3786 681 3882 ejus
703 3787 834 3860 nullum
851 3783 964 3857 exstet
989 3781 1184 3874 indicium,
1199 3784 1298 3859 baud
1311 3810 1420 3868 umam

199 3880 430 3979 contrarium.
487 3882 545 3954 De
575 3906 645 3978 quo
675 3881 737 3955 hic
770 3878 911 3954 uberius
954 3901 1028 3952 non
1061 3905 1171 3978 agam.
1228 3882 1348 3956 Potest
1380 3887 1419 3960 in

199 4000 390 4074 utramque
422 3996 558 4074 partem
589 3976 777 4071 disputari,
812 3997 879 4047 nec
902 3975 1098 4050 alterutrius
1122 3977 1316 4051 sententiae
1342 4003 1418 4052 cer·

201 4098 281 4154 turn
306 4073 482 4169 reperitur
499 4071 689 4151 ¹criterium
714 4072 752 4145 in
778 4088 889 4143 textu.
937 4069 1098 4166 Nuptiae
1120 4073 1217 4145 enim
1242 4097 1322 4146 cum
1348 4102 1417 4148 natt-

204 4172 285 4248 siere
297 4169 555 4267 scortationum,
596 4192 685 4267 quae
707 4170 776 4243 Pro
801 4166 919 4243 hetae·
941 4163 1191 4266 injunguntur,
1233 4167 1420 4262 inquibus

203 4266 279 4344 sese
293 4263 439 4366 patroni
453 4262 598 4337 visionis
621 4263 790 4353 fundant,
817 4278 977 4360 tanquam
993 4264 1252 4360 criteriorejus,
1277 4262 1419 4342 streste

191 4362 410 4460 capiantur,
439 4379 597 4439 neutram
615 4359 1029 4457 sententiampremunt,
1055 4361 1079 4433 sr
1097 4383 1184 4434 vero
1201 4358 1341 4451 vulgata
1356 4367 1417 4436 ob·

192 4454 316 4533 'tineat
342 4455 389 4528 de
406 4454 574 4545 muliere,
600 4472 683 4528 ante
699 4455 839 4554 nuptias
866 4477 947 4531 cum
970 4458 1167 4552 propheta,
1193 4452 1419 4543 scortatrice,

200 4552 351 4651 utrique·
367 4550 565 4625 sententIae
582 4554 637 4623 ‘ae
663 4575 707 4626 ue
731 4553 876 4643 obsunt,
904 4551 1014 4648 ¹quod
1036 4550 1141 4622 enim·
1156 4568 1194 4618 re
1220 4546 1292 4644 ipsa
1316 4569 1419 4644 turpe

182 4640 259 4751 ‚est
281 4652 315 4731 et
335 4644 536 4742 illicitum,
578 4575 683 4745 iusi,
724 4649 764 4730 in
786 4645 1042 4820 innaginatione
1063 4641 1263 4743 peractum,
1295 4664 1342 4717 ne
1392 4646 1425 4827 ip

184 4776 187 4781 ·
289 4780 292 4785 >
846 4762 868 4839 3
1371 4763 1410 4819 cr
