3575 5884
390 959 461 1037 260
738 956 884 1059 Hssoria
908 954 1147 1058 Ecclesiastica
1164 956 1208 1038 V.
1239 954 1278 1036 T.
1416 1043 1421 1052 ,

391 1156 430 1213 et
459 1138 553 1217 alibi.
607 1142 788 1217 ismaelem
819 1139 858 1227 in
887 1166 934 1217 eo
967 1141 1068 1217 vitae.
1096 1141 1288 1233 instituto,
1334 1140 1462 1217 eodem
1494 1137 1599 1211 etiarn
1690 1151 1691 1200 ὲ

373 1236 504 1311 nrattu
531 1257 663 1329 terrae,
689 1238 800 1315 secuti
826 1239 905 1313 sunt
927 1239 1001 1336 ejus
1018 1238 1172 1337 posteri3
1196 1264 1301 1337 quare
1324 1237 1531 1326 historicus,
1553 1236 1597 1308 Ii·

375 1352 452 1415 ,eet
475 1336 653 1410 ismaelem
678 1335 812 1412 diredbe
829 1336 1009 1425 intendat,
1034 1359 1129 1411 num.
1155 1338 1239 1432 sing.
1263 1354 1367 1423 utens
1390 1333 1428 1407 in
1476 1349 1519 1423 m
1546 1358 1600 1405 cr-

372 1432 488 1520 niun,
521 1430 595 1505 ibid
618 1432 656 1508 in
679 1433 768 1529 plur.
800 1432 893 1509 dicit
913 1432 1124 1524 habitarunt,
1162 1434 1205 1509 ad
1230 1430 1389 1530 posteros
1412 1430 1486 1526 ejus
1508 1429 1600 1526 digi·
1690 1435 1691 1450 ¹

372 1548 466 1601 ,tum
489 1527 687 1605 intendens.
735 1528 926 1612 Nabataeis
940 1550 1058 1603 autern
1080 1548 1222 1605 veteres
1248 1526 1346 1602 sedes
1368 1526 1599 1622 relInquenti·

241 1620 366 1675 ΜΗ·
387 1626 468 1713 bus,
502 1648 559 1697 eas
583 1644 800 1721 occuparunt
823 1628 1049 1716 Amalekitae,
1073 1627 1116 1701 ab
1140 1624 1334 1713 Amaieko,
1357 1624 1462 1696 Esavi
1487 1646 1601 1717 nepo·
1690 1703 1691 1722 χ

388 1736 449 1810 te,
488 1720 628 1795 oriundi
661 1724 752 1797 Gen.
784 1723 956 1797 XXXVI.
1004 1724 1065 1797 Sic
1090 1723 1201 1796 Num.
1233 1722 1334 1795 XIII:
1368 1740 1425 1810 29.
1457 1720 1600 1791 Amabit
1690 1801 1691 1804 Ἴ

371 1814 523 1901 ‚habitat
548 1816 586 1891 in
610 1834 700 1891 terra
725 1816 861 1915 Austri,
894 1817 954 1891 seu
975 1840 1074 1917 parte
1092 1815 1232 1891 australi
1258 1820 1478 1906 cananaeae,
1524 1814 1601 1889 imo
1690 1871 1691 1882 ,

377 1914 567 1990 -quauila
590 1916 634 1987 ad
657 1917 721 1989 Sur
744 1914 854 2011 uersus
879 1916 1078 2011 AEgyptum
1106 1916 1233 1995 rSatn.
1258 1913 1344 1987 XV:
1371 1932 1404 2005 7.
1430 1934 1498 1985 nec
1524 1934 1601 1983 non

375 2011 544 2089 XXVII:
572 2018 605 2090 8.
631 2011 711 2097 ubi,
738 2034 782 2091 eu
799 2010 919 2105 priore
941 2013 1047 2101 loce,
1067 2035 1134 2111 pro
1289 2032 1413 2108 ,quae
1444 2030 1517 2081 vox
1544 2006 1602 2081 ni·
1690 2013 1691 2066 I

237 2096 449 2213 §em'hili
480 2105 551 2193 est,
592 2106 658 2203 leg.
691 2084 818 2195 rubino
853 2134 876 2181 a
912 2107 1048 2181 charita
1078 2126 1147 2183 etc.
1199 2110 1401 2189 Midianr’tur
1436 2102 1599 2213 Abraba-

383 2229 446 2281 nro
473 2226 521 2277 ex
543 2202 676 2275 Ketura
699 2203 839 2275 oriundi
872 2203 963 2276 Gen.
995 2203 1115 2277 XXV:
1142 2226 1174 2278 2.
1207 2204 1251 2277 ad
1275 2222 1393 2276 ortum
1416 2201 1607 2297 Moabita,
1690 2235 1691 2292 ῃ

374 2325 486 2388 rum,
511 2319 549 2371 et
572 2298 674 2371 maris
698 2297 907 2389 Sodomaei‚
932 2300 969 2371 in
993 2316 1092 2395 parte
1109 2298 1260 2373 Arabiae
1283 2298 1440 2371 desertae
1462 2295 1601 2392 aquilo·

384 2396 481 2485 nari,
506 2394 625 2467 versus
639 2393 876 2490 Euphratem,
901 2392 1030 2466 versati
1049 2394 1211 2468 fluerunt:
1236 2395 1290 2468 uti
1307 2411 1407 2490 patet
1422 2416 1468 2465 ex
1485 2390 1603 2466 histo·
1690 2403 1691 2438 n

375 2496 436 2569 iia
454 2490 721 2566 Midianiturunr
746 2513 788 2565 ac
804 2491 1066 2580 Moabitarum,
1089 2490 1128 2563 in
1144 2489 1276 2566 Israelis
1298 2488 1494 2587 perniciem
1509 2510 1601 2560 con·

375 2588 611 2687 spirantium,
643 2588 753 2661 Num.
779 2587 911 2663 XXXI.
937 2579 1025 2663 'colb
1049 2610 1081 2663 e.
1106 2588 1226 2661 XXV:
1254 2610 1312 2679 17,
1341 2593 1396 2665 18.
1432 2600 1600 2657 necnon

381 2708 430 2758 ex
453 2682 532 2780 Jud.
558 2684 626 2757 VI:
655 2683 827 2759 1.-V11:
854 2704 888 2772 5.
923 2682 982 2756 ubi
1005 2684 1193 2780 Jordanem
1223 2680 1414 2777 transgressi
1444 2677 1601 2753 mediam

382 2780 459 2853 fere
484 2782 684 2850 Cananaeae
717 2796 854 2874 partem
888 2779 1073 2874 occupasse
1104 2780 1295 2855 traduntur.
1344 2779 1485 2850 Interea
1515 2798 1603 2871 pars

380 2895 503 2946 eonun
520 2870 661 2944 videtur
678 2872 839 2947 resedisse
861 2874 980 2947 versus
1001 2872 1152 2948 austrum
1176 2872 1304 2950 deserti
1319 2872 1492 2961 Arabiae,
1515 2870 1602 2967 post
1690 2905 1691 2952 ι

266 3016 272 3024 ·
378 2968 501 3079 sinum·
515 2964 729 3043 Elaniticum
753 2967 862 3078 'maris
884 2968 1018 3043 Rubri:
1043 2969 1166 3067 utique
1189 2968 1313 3045 Moses
1339 2967 1473 3060 dicitur
1494 2967 1599 3042 aufu-
1690 2991 1691 3052 i

96 3140 97 3145 Ἰ
230 3154 360 3267 flusffl
377 3062 1198 3270 grtgefflrxam05222101'3nssifig.ficet⁹
1223 3159 1326 3235 latiur
1343 3158 1480 3252 sumto,
1505 3160 1597 3234 Ara·

377 3258 439 3332 bes
466 3281 505 3331 rn
530 3279 661 3354 genere
677 3277 926 3353 nonnunquam
951 3279 1118 3348 venrant,
1144 3257 1198 3333 uti
1214 3281 1270 3332 ex.
1339 3254 1488 3330 ‚Mosrs
1503 3280 1601 3330 uxor
1690 3277 1691 3290 ¹

373 3352 582 3427 Midianitis
615 3352 729 3429 Exod.
763 3352 810 3426 ΙΙ.
842 3351 1033 3449 adpellatur
1067 3354 1260 3445 Cuschaea,
1344 3376 1413 3427 um.
1447 3354 1531 3426 XII:
1563 3376 1598 3428 1.

299 3495 302 3502 -
376 3468 462 3518 vere
488 3467 605 3521 tamen
631 3468 668 3522 et
712 3445 830 3546 roprie
858 3472 905 3521 eo
926 3449 1161 3546 adpellantur,
1188 3448 1248 3545 qui
1274 3447 1475 3538 eCuscho,
1502 3448 1599 3522 cna·
1690 3473 1691 3506 u

375 3540 427 3648 ani
448 3540 551 3648 silio,
578 3542 669 3617 Gen.
685 3476 740 3621 ii.
765 3564 882 3619 ortum
905 3564 1106 3636 traxerunt,
1130 3566 1213 3619 eta
1238 3545 1429 3621 Nabataeis
1453 3568 1497 3618 ac
1516 3544 1599 3616 aliis
1690 3589 1691 3630 ἒ

375 3633 659 3732 dustlnguuntur:
693 3638 746 3710 uti
773 3642 944 3715 2Chron.
969 3642 1066 3715 XXI:
1095 3649 1150 3716 16.
1198 3639 1379 3715 Excitavit
1410 3642 1507 3713 Deus
1527 3640 1593 3710 ad·
1690 3647 1691 3698 I

375 3729 496 3807 versus
519 3731 718 3826 Jorumum,
750 3752 871 3831 regern
896 3736 1027 3834 Judae,
1061 3736 1265 3811 Phiiistaeos
1288 3761 1330 3810 ac
1353 3736 1502 3833 Arabes,
1519 3738 1593 3901 Lgai
1690 3745 1691 3754 ’

370 3828 514 3928 suntad
530 3831 617 3901 lutus
637 3828 876 3924 Cuscbueorum.
921 3833 1131 3907 Tenuerunt
1147 3832 1338 3929 antiquitus
1363 3854 1435 3905 non
1454 3831 1517 3904 AB
1562 3855 1592 3899 ι·

375 3924 517 4019 opiam,
550 3945 637 4018 quae
660 3944 821 3998 veterum
845 3925 914 3999 suit
942 3926 1088 4020 opinio,
1120 3929 1179 4003 sed
1203 3954 1299 4003 oram
1330 3927 1421 4001 sinus
1444 3924 1596 3999 Arabici

374 4017 601 4105 orientalem
634 4042 737 4113 quarn
761 4016 880 4115 postea
904 4021 1105 4097 insederunt
1128 4024 1310 4098 Saraceni:
1342 4023 1394 4097 uti
1419 4022 1503 4121 post
1524 4023 1596 4097 Be·

373 4112 530 4191 roaldnm
562 4112 600 4188 in
623 4136 754 4213 genere
770 4184 772 4191 ,
786 4113 883 4187 rene
905 4114 1017 4188 evicit
1048 4120 1212 4194 Bochart.
1261 4123 1462 4218 Junguntur
1493 4119 1597 4193 enirn

373 4208 546 4287 Arabibus
569 4209 635 4285 illis
658 4206 894 4316 deser-riculis,
919 4228 1053 4285 etcum
1077 4212 1121 4287 iis
1146 4216 1290 4289 subinde
1308 4215 1592 4299 confunduntur.

341 4352 356 4371 ι,
372 4306 434 4380 bic
467 4304 579 4381 Mons
611 4330 699 4382 uxor
724 4302 928 4379 Midianitis
957 4327 1106 4383 vocatur
1140 4309 1335 4402 Cuschaea,
1376 4330 1415 4384 et
1447 4322 1595 4395 tentoria

369 4402 516 4501 Cuscbun
542 4427 584 4481 ac
604 4406 726 4483 aulaea
751 4418 862 4481 terrae
891 4402 1028 4480 Midian
1056 4404 1314 4505 permiscentur
1335 4410 1420 4489 Hah
1458 4414 1527 4489 111:
1555 4446 1591 4517 7,

1545 4540 1590 4602 et
