3575 5884
739 1186 894 1302 Periodus
918 1189 1061 1330 Quinto.
1148 1183 1157 1195 ν
1465 1250 1517 1328 45

349 1389 378 1502 l.
408 1391 530 1480 xllx.
566 1419 598 1501 3.
627 1393 778 1480 lorium·
796 1396 1019 1502 'consequens
1050 1403 1103 1480 est
1133 1405 1278 1489 initium
1307 1406 1510 1487 rebellionis

303 1494 494 1597 Jeroboami
525 1519 648 1574 contra
673 1500 915 1592 Salomonem,
955 1523 992 1577 et
1016 1502 1236 1579 lacerationis
1259 1504 1382 1602 regni,
1423 1505 1506 1583 inde

301 1616 394 1668 ortae
423 1620 457 1670 t.
491 1600 603 1670 26to.'
638 1594 719 1670 Fuit
740 1596 946 1694 Ephratita,
978 1620 1023 1672 ex
1054 1600 1140 1672 urbe
1164 1600 1330 1674 Menallis
1352 1603 1503 1695 Zerodo,

297 1692 399 1766 etiam
424 1690 573 1765 'lberam
596 1689 707 1781 didm,
748 1692 841 1766 unde
864 1694 957 1790 apud
979 1694 1079 1768 LXX
1102 1717 1226 1792 cappo,
1265 1695 1357 1770 haud
1379 1699 1503 1792 procul

290 1782 504 1883 aBetsccao,
527 1787 587 1862 seu
610 1788 840 1883 Scythopoli‚
864 1787 944 1886 Jud.
970 1787 1055 1864 Vll:
1084 1813 1141 1865 22.
1164 1792 1245 1863 alias
1267 1793 1373 1865 etiam
1393 1792 1427 1863 Τ
1422 1814 1500 1864 zor·-

290 1906 368 1973 ron,
390 1903 489 1983 uter
517 1884 637 1978 1Reg.
664 1880 749 1958 VII:
775 1890 835 1975 46.
860 1902 897 1958 et
923 1885 1086 1961 ochron.
1109 1886 1179 1959 lV:
1207 1906 1263 1980 17.
1288 1885 1404 1961 secum
1428 1888 1500 1960 col-

286 1979 388 2069 latis,
409 1978 535 2075 liquet.
582 1975 717 2070 Occosto
741 1977 962 2070 rebellionis,
985 1978 1041 2054 his
1064 1978 1204 2069 verbis,
1225 1981 1304 2057 hoec
1316 1982 1391 2078 fnit
1415 1988 1502 2067 ratio

285 2074 552 2175 'qirodsostolrrr‘t
565 2096 695 2149 manum
717 2090 831 2148 contro
847 2076 1070 2166 Salomonem,
1095 2073 1241 2165 tradita,
1265 2075 1394 2175 duplex
1410 2078 1499 2170 fuit,

281 2175 392 2248 altera
421 2169 621 2265 remotior,
644 2168 750 2243 altera
773 2168 931 2267 propior.
978 2171 1121 2247 Priorem
1168 2173 1305 2244 raebuit
1335 2177 1498 2270 dignitas,

282 2268 325 2343 in
340 2288 441 2361 quam
457 2266 693 2355 asalomone,
708 2283 856 2363 propter
860 2264 1062 2363 sapientiam
1078 2283 1116 2338 et
1122 2194 1355 2363 demoratam
1371 2268 1445 2363 ejus
1461 2269 1500 2342 in

283 2360 523 2440 exlhuffione
537 2359 666 2449 Millo,
688 2380 727 2434 et
750 2370 915 2458 rupturae
937 2360 1028 2435 muri
1052 2360 1209 2436 civitatis
1225 2362 1375 2438 Davidis
1396 2385 1497 2460 prae·

282 2457 422 2549 stitam,
437 2454 507 2532 fuit
521 2453 625 2530 eve&
649 2476 684 2544 s,
708 2452 746 2528 in
758 2453 963 2553 praesedere
979 2463 1115 2532 omnium
1129 2478 1295 2554 operarum
1308 2462 1417 2534 domus
1433 2458 1501 2550 Jo-

278 2555 375 2658 seplti
401 2552 472 2629 lita.
520 2553 609 2626 Vox
692 2567 853 2643 nonus,
893 2553 987 2649 quod
1017 2571 1196 2650 portatur,
1236 2554 1319 2628 dein
1350 2559 1498 2652 hajolum

283 2650 453 2749 ηπφὶμ,
494 2645 667 2737 denotat,
709 2646 823 2745 quales
853 2648 916 2721 oiri
938 2653 1041 2722 oneris
1070 2646 1150 2721 alias
1180 2649 1412 2746 adpellantur,
1445 2646 1499 2724 uti

282 2756 305 2824 ἰ
325 2750 415 2842 Reg.
443 2742 495 2819 V:
522 2764 579 2834 29.
627 2743 730 2816 Haec
751 2742 810 2817 di‘
839 2742 903 2817 itas
925 2745 1078 2818 animum
1109 2742 1183 2839 ejus
1207 2743 1352 2835 extulit,
1391 2768 1433 2819 ac
1454 2744 1501 2818 ad

279 2845 404 2920 altiora
424 2836 599 2936 adspirare
615 2837 712 2912 fecit.
760 2838 793 2910 A
819 2839 914 2912 cellit
937 2839 1019 2913 dein
1043 2838 1236 2935 pmeditlio
1254 2840 1390 2913 Athiae
1415 2864 1501 2937 pro·-

277 2932 409 3040 'phetae
434 2937 479 3009 de
504 2954 615 3030 regno
638 2930 701 3031 ipsr
732 2930 865 3022 dand0,
899 2959 985 3030 quae
1016 2934 1245 3008 ambitionem
1278 2935 1378 3032 regni
1402 2938 1494 3008 Solo·
1535 2986 1537 2990 .

283 3033 380 3113 moni
403 3029 580 3127 eripiendi
605 3028 764 3126 peperit,
789 3052 875 3126 quoe
898 3031 1058 3126 proxima
1079 3030 1146 3102 fuit
1171 3032 1369 3104 rebellionis
1386 3031 1494 3105 causa.

281 3126 445 3207 Offendit
471 3125 583 3223 ipsum
615 3124 784 3221 propheta
809 3124 1067 3222 Hierosolymis
1090 3147 1298 3214 exeuntem,
1336 3127 1500 3223 adeoque·

278 3231 351 3328 jam
381 3224 503 3297 animo
535 3242 612 3293 earn
643 3221 868 3311 volventem,
907 3242 945 3293 et
976 3220 1199 3296 fundamenta
1226 3222 1417 3319 jadlurum,
1458 3241 1496 3295 et

278 3342 471 3423 propterea
493 3318 616 3390 urbem
637 3317 769 3412 regiam
792 3312 1027 3389 deserentem:
1054 3318 1146 3412 qnod
1168 3336 1404 3414 opportunum
1422 3336 1496 3391 erut

281 3439 443 3513 tempus,
484 3437 555 3509 quo
577 3410 753 3509 Propheta
776 3409 975 3507 promiss'um
1000 3414 1100 3509 regni
1125 3413 1278 3502 faceret,
1318 3415 1377 3506 sed
1400 3415 1498 3486 simul

284 3540 307 3586 a
327 3509 508 3608 proposito
539 3508 621 3582 illud
646 3509 732 3581 vivo
759 3507 942 3582 Salomone
966 3508 1116 3581 faciendi
1148 3505 1370 3598 abstraheret.
1419 3508 1496 3579 Pol-

289 3609 403 3679 licitus
422 3606 518 3679 enim
542 3602 577 3678 ei
602 3627 673 3677 non
697 3623 832 3677 tanturn
858 3599 909 3675 est
932 3628 1079 3713 regnum
1103 3598 1252 3692 Israelis,
1285 3623 1322 3674 et
1346 3621 1494 3675 externo
1521 3653 1524 3660 ·

286 3701 404 3775 scillae
426 3700 532 3774 vestis
555 3700 628 3795 ejus
651 3722 769 3789 novoe,
794 3696 884 3795 quast
909 3724 1047 3868 sepiae,
1071 3697 1226 3793 symbolo
1251 3698 1498 3791 confirmavit,

287 3797 349 3874 sed
381 3816 418 3868 et
437 3799 540 3872 decem
573 3815 707 3869 tantum
732 3793 886 3868 tribubus
917 3794 1119 3882 astrinxit,
1151 3814 1237 3887 nec,
1270 3794 1332 3868 nili
1357 3817 1499 3869 mortuo

283 3888 493 3984 Salomone,
519 3891 554 3966 id
571 3892 613 3963 ab
637 3890 712 3988 ipso
730 3888 933 3964 tentandum
956 3914 997 3962 ac
1013 3889 1268 3985 exsequendum
1291 3892 1492 3965 declaravit.

284 3987 435 4065 Addidit
456 3986 528 4062 insu
560 4011 595 4060 er
618 3985 860 4060 conditionem
885 3984 972 4080 legis
997 3986 1249 4075 observandae,
1282 3988 1324 4059 ad
1349 3989 1493 4059 domum

287 4086 357 4181 ejus
380 4085 510 4159 redden
536 4106 592 4175 em
614 4082 748 4156 firmam
771 4104 812 4152 ac
836 4104 1048 4177 perennem,
1076 4084 1199 4178 semme
1223 4082 1370 4159 navidis
1394 4083 1497 4157 borni

285 4187 379 4273 limo,
405 4205 473 4256 nec
498 4202 636 4267 tamen,
661 4177 685 4250 fi
707 4177 764 4249 vel
788 4177 824 4250 id
847 4170 1035 4273 praestaret
1059 4179 1264 4276 Jeroboam,
1289 4183 1321 4249 in
1346 4198 1493 4273 perpero-

289 4301 356 4351 um:
386 4302 457 4373 quo
480 4278 604 4350 ultimo
627 4275 732 4345 verba
755 4298 789 4371 u.
817 4295 872 4367 39.
906 4297 985 4348 cum
1006 4272 1173 4372 promillo
1197 4275 1240 4346 de
1264 4274 1370 4346 domo
1393 4277 1494 4371 Jero‘⁴

287 4375 399 4449 boami
424 4372 594 4470 perenni,
619 4388 655 4441 et
679 4367 892 4463 deprellrone
917 4370 1039 4443 domus
1063 4369 1255 4443 Davirlicae
1281 4373 1495 4443 contremo«

283 4471 345 4558 da,
369 4470 532 4543 tendunt.
581 4464 648 4537 Sed
666 4462 747 4536 illud
771 4464 972 4560 promillum
987 4491 1052 4562 per
1073 4464 1309 4540 doemonem
1325 4465 1492 4562 jeroboa-

287 4566 335 4638 mi
363 4567 483 4663 alege
508 4563 668 4660 Jehovae
700 4559 811 4633 caruit
843 4560 984 4636 effeetu.
1032 4564 1114 4636 Nec
1145 4558 1218 4654 ipse
1247 4559 1291 4632 de
1314 4559 1494 4655 proposito

289 4661 404 4757 regni,
428 4664 517 4739 vivo
536 4658 740 4751 Salomone,
765 4657 925 4825 rapiepdi
951 4658 1079 4757 aliquid
1103 4653 1254 4749 remisit,
1279 4656 1383 4752 quin,
1408 4672 1492 4732 con·

917 4776 939 4848 3
1450 4777 1506 4840 lla
