3575 5884
154 617 1569 953 -ι-

535 1206 549 1215 ,.
648 1195 800 1276 amru
815 1197 978 1296 nepum.
1345 1213 1426 1303 μ,

199 1401 285 1466 vect
302 1374 483 1468 -obseffos,
508 1376 654 1477 illeque,
680 1398 720 1455 ut
744 1403 812 1455 nec
838 1402 944 1454 unam
968 1392 1036 1453 nec
1061 1378 1204 1453 alteram
1228 1375 1422 1456 faflionem
1510 1440 1512 1445 .

197 1477 299 1560 Dens
313 1475 498 1566 exaudiat,
524 1496 660 1566 oraret,
685 1497 723 1549 et
738 1493 932 1642 propterea
953 1474 1126 1572 lapidibus
1145 1475 1231 1550 cffet
1257 1494 1424 1566 necatus,

199 1582 302 1656 Deus
335 1575 427 1648 hanc
458 1570 703 1646 crudelitatem
736 1569 800 1643 vin
824 1569 958 1662 icavit,
996 1570 1156 1669 frugibus
1184 1592 1295 1646 vento
1321 1571 1426 1668 inpe·

199 1670 306 1750 ruofo
329 1669 523 1766 corruptis,
548 1693 629 1742 cum
655 1665 796 1741 acceliit
820 1666 912 1741 aliud
930 1663 1065 1741 crimen
1093 1670 1238 1757 eorum,
1264 1691 1354 1764 quo,
1379 1667 1423 1743 ab

203 1767 346 1846 obfeffis
377 1764 513 1862 rogati,
552 1783 591 1837 ut
615 1760 784 1836 sacrificiu
818 1780 979 1859 tempore
1013 1763 1186 1859 paschatis
1220 1761 1427 1852 offerenda,

204 1880 353 1960 accepta
374 1858 544 1958 pecunia,
579 1858 721 1948 darent,
754 1860 906 2027 pecunia
932 1859 1063 1949 sumta,
1097 1859 1202 1936 fidem
1229 1858 1426 1950 violantes,

203 1960 368 2037 victimas
393 1973 582 2053 negarunt,
614 1954 687 2052 Jof.
715 1953 748 2026 X
770 1955 818 2028 V.

220 2055 283 2155 .§.
309 2055 410 2128 XDI.
453 2050 536 2151 Quo
562 2050 600 2122 in
623 2051 712 2124 statu
737 2050 781 2122 ad
806 2048 934 2122 incitat
958 2047 1118 2139 redadiuo
1143 2047 1428 2138 Aristobulus‚n

202 2154 273 2229 fuis
291 2150 398 2224 etiam
424 2150 610 2219 maximam
634 2163 770 2241 partem
786 2144 962 2233 desertio,
992 2143 1156 2241 confugit
1181 2144 1225 2219 ad
1241 2145 1426 2219 Romano.

205 2272 286 2321 rum
310 2249 553 2339 iaperatorem
578 2239 806 2335 Pompe'um‚
832 2239 870 2312 in
898 2240 968 2312 oria
990 2238 1056 2312 illis
1079 2239 1294 2329 uersantem,
1330 2236 1427 2336 post·

206 2367 311 2442 quam
336 2340 531 2435 'l‘igranem
555 2336 667 2409 debell
717 2353 773 2425 et,
818 2358 838 2408 a
886 2357 933 2407 uo
956 2329 1154 2409 Scaurua'e
1178 2337 1279 2433 Syria
1301 2335 1340 2409 in
1363 2336 1429 2430 Ju-

206 2443 331 2514 daeum
366 2433 502 2523 millus,
536 2431 548 2505 i
578 2431 613 2504 le
642 2429 801 2505 enimin
828 2357 1275 2527 Aiiamprofettmerat,
1308 2428 1430 2503 fratri·

206 2539 275 2611 bus
301 2529 445 2620 auditis,
471 2528 537 2602 Ari
570 2528 698 2617 obulo,
725 2544 888 2621 tanquam
910 2523 1101 2600 liberaliori
1127 2525 1165 2607 in
1190 2525 1300 2600 danda
1319 2548 1428 2621 pecu·

205 2633 287 2718 nia,
319 2625 516 2714 faventior,
540 2625 695 2711 Atetae,
720 2621 866 2695 nomine
896 2621 1018 2716 populi
1043 2619 1221 2712 Romani,
1248 2620 1432 2697 discedere

203 2725 311 2824 juffit.
359 2721 442 2827 Quo
468 2718 583 2810 fabio,
608 2715 849 2805 Aristobulus,
874 2711 986 2811 ipsum
1016 2716 1203 2789 abeuntem
1228 2717 1430 2809 insecutus,

206 2818 333 2898 invasit
359 2837 472 2982 prope
498 2812 753 2910 raynonem,
795 2829 832 2885 et
858 2824 984 2907 magna
1010 2809 1107 2885 clade
1135 2810 1281 2887 adfecit.
1327 2815 1432 2887 Pom·

207 2915 333 3014 pejus,
358 2927 395 2982 tn
450 2907 655 3002 oeleyriam
681 2930 763 2982 cum
786 2904 957 2996 venillet,
982 2910 1025 2981 ab
1049 2907 1253 2982 Aristobulo
1277 2907 1354 2983 vite
1369 2932 1431 2987 ttu-¹

206 3034 294 3095 rea‚
335 3027 408 3093 500
433 3001 661 3094 talentorum,
693 3002 781 3077 teste
809 3003 979 3075 Strabone
1007 3003 1099 3098 apud
1126 3004 1220 3099 Jos.,
1257 3005 1434 3103 donatur,

212 3103 326 3201 (quae
351 3099 503 3171 Romam
528 3094 643 3188 milla,
668 3097 705 3171 iu
725 3094 924 3193 Capitolio,
949 3098 1033 3194 Jovi
1059 3096 1193 3189 dicata,
1219 3101 1334 3175 locata
1359 3100 1432 3192 est,

210 3192 362 3273 nomine
389 3210 604 3267 tamennon
632 3190 846 3282 Aristobuli,
873 3194 1005 3290 quippe
1031 3217 1098 3292 pro
1122 3218 1160 3268 re
1187 3218 1208 3268 e
1232 3218 1307 3270 non
1377 3195 1433 3275 nia

210 3295 264 3386 ti,
289 3289 348 3364 sed
365 3287 533 3386 Jannaei,
559 3287 620 3386 qui
643 3310 721 3364 eam
741 3290 814 3386 jam
839 3288 1054 3363 formaverat
1079 3314 1127 3364 eo
1150 3219 1237 3381 tigni,
1284 3311 1322 3365 et
1372 3315 1437 3366 uo-

210 3413 292 3465 rum
328 3385 473 3460 fratrum
506 3382 657 3482 legatis,
699 3382 891 3480 Antipatro
923 3384 1107 3484 Hyrcani,
1150 3406 1188 3460 et
1224 3385 1436 3461 Nicodemo

211 3481 430 3571 Aristobuli,
452 3479 727 3577 disceptantibus
749 3479 897 3571 auditis,
923 3481 1124 3578 respondit,
1156 3481 1213 3567 se,
1239 3478 1339 3551 causa
1364 3474 1433 3556 dis-

212 3580 329 3668 calla,
368 3577 481 3653 litem·
499 3600 621 3651 eorum
661 3575 889 3651 definiturum
920 3576 1003 3650 elle.
1058 3575 1166 3647 Anno
1196 3575 1364 3670 sequente
1395 3577 1437 3667 in

214 3674 355 3775 Syriam
382 3672 492 3746 redux
514 3674 599 3747 Pom
642 3672 722 3768 jus,
755 3671 879 3745 fratres
902 3694 966 3766 per
990 3671 1122 3766 legatos
1154 3670 1287 3744 caulam
1311 3670 1439 3750 defend

214 3774 361 3858 dentes,
388 3784 560 3865 quemque
599 3792 698 3859 uam,
722 3767 865 3864 quidem
891 3764 1026 3840 audivit
1053 3763 1186 3856 rursus,
1211 3765 1270 3841 sed
1294 3768 1436 3847 senten-

216 3870 305 3944 tiam
323 3862 480 3954 distulit,
505 3863 619 3940 donec
634 3862 672 3938 in
689 3865 853 3960 Judaeam
869 3861 1031 3937 venerit:
1055 3860 1295 3939 Aristobulutn
1315 3867 1435 3962 enim,

214 3984 321 4062 quem
343 3961 562 4041 damnaturus
588 3979 685 4050 erat,
709 3959 847 4032 irritare
878 3979 965 4031 tunc
989 3955 1126 4048 noluit,
1152 3982 1198 4034 ne
1224 3960 1286 4036 frbi
1307 3963 1345 4036 in
1371 3987 1434 4039 ex.

217 4057 405 4157 peditione
428 4073 550 4131 contra
576 4056 778 4130 Nabataeos
812 4054 958 4129 obellet.
992 4053 1165 4129 'Suboluit
1190 4057 1261 4132 hoc
1292 4056 1438 4150 quidem

219 4152 445 4241 Aristobulo,
478 4151 539 4248 qui
564 4150 669 4225 iratus
692 4150 728 4224 se
753 4149 938 4240 subduxit,
972 4168 1009 4223 et
1038 4153 1198 4228 exercitu
1224 4149 1373 4225 colledlo
1398 4151 1436 4229 se

219 4248 314 4331 tueri
340 4246 478 4335 statuit,
505 4246 564 4321 sed
579 4248 688 4321 altera
712 4245 793 4321 vice
818 4247 1048 4344 aPompejo‚
1073 4250 1153 4360 qui,
1180 4243 1293 4340 copiis
1310 4243 1439 4344 ingen..¹

221 4345 318 4419 tibus
340 4342 582 4439 congregatis,
608 4340 646 4414 in
663 4342 827 4438 Judaeam
852 4343 1037 4433 movebat,
1065 4365 1211 4427 citatus,
1239 4356 1278 4412 ut
1295 4360 1442 4439 compa·

220 4458 319 4528 reat,
342 4456 381 4512 et
405 4436 547 4513 coafius
571 4439 648 4510 loca
675 4438 731 4513 sua
749 4438 884 4513 munita
910 4437 944 4512 ei
970 4438 1007 4514 in
1031 4461 1150 4513 manus
1174 4433 1329 4528 tradere,
1357 4462 1438 4513 curn

220 4556 349 4610 eorum
373 4531 580 4630 praefectis,
606 4533 708 4609 facile
733 4535 947 4632 conjiciens,
974 4539 1061 4609 male
1084 4529 1146 4603 fibi
1173 4531 1262 4604 velle
1287 4536 1443 4630 Pompe·

217 4634 318 4736 prm,
357 4625 521 4729 confugit
545 4627 846 4802 Hierosolymlapn,
879 4633 953 4707 fixo
979 4651 1060 4707 cum
1087 4625 1270 4727 propofito
1292 4628 1330 4703 se
1355 4652 1447 4715 coa*

248 4803 252 4809 ,
809 4743 904 4817 114
1391 4743 1452 4827 m
