3575 5884
663 1146 704 1215 'u‘
725 1140 882 1270 Persidas
902 1152 1019 1268 Serta.
1055 1154 1057 1161 Ι
1100 1158 1123 1225 ·'..
1398 1194 1483 1300 sgr}

261 1375 276 1450 'a
302 1376 395 1450 nun
408 1373 503 1473 sole,
528 1374 707 1451 Persarum
727 1378 890 1465 numine,
917 1373 955 1450 in
1002 1374 1148 1449 'ersonae
1170 1393 1207 1450 et
1235 1374 1399 1454 fortunae
1413 1384 1479 1459 bo-

261 1490 348 1549 num
382 1494 510 1563 omen,
544 1474 680 1565 tracto,
712 1472 803 1549 filius
831 1472 959 1569 Camby
976 1496 1026 1562 ιε,
1060 1472 1153 1569 regis
1179 1476 1376 1566 Persarum,
1419 1470 1478 1557 sed

261 1568 457 1643 Medorum
488 1570 566 1668 regi
589 1569 757 1666 subjecti,
783 1567 948 1643 heroicae
975 1568 1119 1643 virtutis
1146 1570 1258 1667 prima
1286 1570 1385 1647 dedit
1401 1572 1477 1672 spe-

261 1664 415 1757 cimina,
461 1688 507 1738 ne
541 1667 584 1740 de
611 1666 759 1740 militiae
793 1664 999 1739 rudimentis
1034 1663 1071 1738 in
1105 1668 1309 1742 venatione·
1329 1668 1481 1748 serarum

261 1758 536 1930 apudXenoKh.
561 1764 624 1836 lib.
646 1765 674 1837 l.
693 1764 828 1852 dicam,
846 1760 936 1836 vivo
952 1764 1073 1850 Patre,
1099 1761 1135 1833 in
1152 1764 1370 1859 Babyloniis,
1395 1770 1478 1844 Me-

264 1854 465 1933 damnabo
498 1858 595 1950 ibus,
631 1859 863 1948 debellandis,
897 1882 938 1931 ac
965 1860 1140 1953 Babylone
1166 1863 1389 1957 occupanda,
1414 1858 1479 1939 no'.

261 1952 360 2028 mine
395 1953 491 2053 regis
516 1954 726 2045 Medorum,
765 1974 926 2050 tanquam
959 1954 1027 2027 dux
1055 1953 1231 2027 exercitus
1256 1980 1398 2049 eorum,
1439 1988 1485 2039 ac

261 2044 435 2147 carnari,
460 2049 620 2149 Astyagis
640 2050 758 2141 fratri,
784 2050 1011 2145 acquirenda:
1038 2050 1141 2138 dein,
1168 2052 1260 2123 bello
1280 2052 1373 2126 inter
1397 2060 1478 2133 Per·

262 2148 319 2221 sas
339 2168 379 2221 ac
398 2146 532 2221 Medos
557 2167 704 2237 exorto,
729 2147 881 2243 primum
903 2146 1055 2236 Medos,
1080 2145 1163 2217 dein
1180 2146 1270 2219 alios·
1291 2149 1394 2223 Assae
1415 2174 1479 2249 po.

265 2244 389 2413 fiulos,
429 2239 468 2315 in
493 2242 613 2325 secie
640 2243 759 2339 Lydos
788 2242 848 2316 sub
885 2241 1034 2332 Croeso,
1078 2242 1295 2341 subjugavit,
1329 2245 1481 2345 denique

265 2338 478 2435 ¹abylo'nios
511 2342 556 2413 ub
580 2342 609 2412 C
633 2363 758 2428 axare,
784 2338 842 2412 seu
862 2337 974 2411 Dario
1000 2338 1134 2428 Medo,
1160 2339 1314 2430 devicit,
1341 2344 1483 2420 tarrdem

268 2434 500 2531 AEgyptios,
527 2365 679 2534 almique
704 2435 853 2532 populos
879 2434 1048 2530 subjecit,
1075 2459 1116 2507 ac
1139 2458 1285 2533 regnum
1311 2439 1416 2535 longe
1435 2440 1481 2514 la·

271 2548 379 2626 teque
407 2527 582 2621 dilatavit,
607 2556 649 2604 ac
674 2530 923 2606 Monarchiam
951 2530 1107 2604 Orientis
1133 2531 1314 2624 condidit,
1341 2532 1488 2610 fortuna

269 2624 350 2701 usus
376 2624 503 2724 ubique
527 2628 690 2719 savente,
724 2626 782 2700 sub
799 2626 971 2722 singulari
997 2626 1067 2700 Dei
1094 2626 1311 2704 direftione:
1352 2630 1403 2703 uti
1431 2630 1484 2706 su·

265 2730 331 2824 pra
349 2724 501 2797 narravi.
549 2723 731 2891 Reffnavit
749 2722 935 2796 secundum
955 2724 1127 2811 Veteres,
1158 2724 1305 2797 Cressam
1323 2724 1482 2822 secutos,

265 2844 346 2894 ann.
376 2844 446 2915 30,
472 2817 579 2893 initio
619 2839 717 2892 umto
739 2821 780 2890 ab
800 2820 940 2913 Olymp.
967 2834 1074 2908 55ta,
1102 2817 1159 2891 sed
1187 2818 1375 2893 secundum
1393 2824 1480 2899 Can.

264 2918 415 3011 Ptolem.
441 2938 486 3006 9,
513 2917 617 2988 Xeno
646 2916 679 2988 lr.
707 2938 727 3007 7
755 2932 900 2987 tantum.
950 2914 1049 3019 Quae
1074 2912 1098 2986 sr
1126 2916 1241 2989 secum
1269 2918 1489 2994 concilianda

270 3010 360 3098 sant,
401 3008 502 3085 statui
527 2940 664 3109 porei,
711 3036 756 3104 30
781 3033 889 3083 annos
913 3008 981 3081 elle
1007 3014 1049 3082 ab
1079 3009 1184 3083 initio
1210 3013 1313 3108 regni
1338 3014 1486 3107 Persici,

271 3112 296 3201 9
321 3109 365 3179 ab
390 3131 434 3180 eo
457 3127 639 3205 ternpore,
682 3131 750 3202 quo
775 3106 912 3203 populis
936 3104 1142 3195 vincendis,
1185 3128 1221 3180 et
1249 3112 1486 3186 Monarchiae

269 3202 497 3294 ¹tondendae,
524 3227 665 3300 operam
691 3202 806 3290 dedit,
841 3226 862 3294 7
889 3200 1039 3297 denique
1069 3228 1088 3275 a
1112 3205 1323 3278 Monarchia
1348 3206 1464 3282 credin

268 3299 511 3398 supputandos
548 3300 638 3373 elle:
680 3298 772 3396 quod
798 3296 956 3408 respeciu
992 3319 1127 3391 9ct7
1160 3324 1237 3374 ann.
1266 3301 1382 3391 rotie,
1426 3262 1487 3376 sed

293 3421 524 3485 oannorum,
552 3396 669 3470 nel'cio
696 3419 779 3468 num
805 3395 912 3467 solrde
933 3392 1011 3466 satis
1033 3396 1251 3481 adrnittitur,
1278 3396 1356 3488 qnia
1384 3399 1487 3468 Cam-

270 3420 392 3588 iyses,
433 3514 535 3589 pater
560 3494 652 3589 ejus,
695 3513 853 3586 tempore
884 3511 1004 3586 captae
1024 3490 1163 3563 liabelis
1190 3490 1305 3561 adhuc
1330 3489 1366 3560 in
1391 3490 1487 3562 vivis

273 3586 348 3664 fuit.
390 3591 449 3662 De
479 3615 550 3685 quo
575 3590 645 3663 vid.
672 3589 855 3684 Jungman.
884 3587 925 3659 ad
944 3590 1034 3658 Dan.
1060 3589 1081 3657 l.
1111 3588 1126 3655 I
1151 3602 1187 3654 et
1215 3584 1261 3657 ll.
1311 3586 1367 3656 De
1395 3610 1488 3660 mor-

277 3684 318 3759 tis
342 3709 477 3783 genere
506 3710 643 3781 quoque
664 3685 756 3758 idem
780 3707 849 3756 non
876 3682 961 3754 solet
981 3681 1081 3752 tradi.
1131 3679 1335 3753 Violentam
1360 3680 1486 3778 fuill‘e,

274 3783 375 3856 et'in
400 3781 493 3853 bello
521 3806 600 3854 cum
629 3781 770 3877 Scythis
805 3803 885 3851 eum
912 3774 1094 3859 cecidills,
1129 3800 1205 3848 curn
1242 3796 1320 3850 toto
1350 3784 1486 3856 exerci-

274 3896 329 3968 tu,
371 3878 517 3969 vtrlgata
551 3879 656 3951 habet
688 3875 845 3972 opinio,
888 3898 933 3945 eu
964 3871 1162 3945 narratione
1197 3874 1398 3968 Herodot,
1441 3880 1487 3951 de

275 3997 290 4045 e
314 3999 363 4047 uo
390 3970 576 4064 cecidisse,
603 3992 639 4046 et
663 3976 704 4046 ab
736 3972 823 4045 lntlo
849 3971 1090 4058 vulneratum,
1118 3970 1151 4041 in
1178 3972 1268 4045 bello
1295 3997 1373 4045 cum
1392 3974 1488 4046 Sacis

274 3999 539 4167 aiJaxartem,
565 4095 604 4143 ac
626 4089 802 4142 mortuum
823 4066 913 4151 effe,
945 4064 1071 4138 ctefias
1098 4064 1133 4136 in
1158 4067 1246 4142 Pers.
1276 4070 1400 4155 trudit,
1427 4070 1494 4140 cui·

276 4165 426 4263 adsurgit
451 4166 640 4239 Pelloutier
660 4167 696 4239 in
722 4161 814 4236 llist.
842 4162 950 4235 Acad.
981 4165 1070 4257 ch.
1098 4163 1246 4237 Berolin.
1277 4184 1299 4237 t.
1328 4165 1392 4251 X.,
1427 4164 1491 4239 ull

277 4261 315 4335 de
341 4263 437 4335 bello
465 4265 546 4357 Cyri
573 4288 653 4335 cum
682 4261 840 4353 ScythiS,
884 4260 939 4332 vel
968 4259 1063 4332 Sacis
1090 4258 1131 4331 atl
1160 4262 1355 4355 Jax.n·t<·.·m,
1401 4286 1488 4334 non·

278 4360 362 4443 nulla
386 4358 517 4447 habet,
559 4385 644 4456 quae
671 4355 1001 4429 animaduersionem
1036 4377 1224 4429 merentur.
1275 4354 1343 4426 Sed
1369 4355 1489 4429 sccun-

276 4452 351 4529 dum
378 4457 657 4553 Xenophonte-nr
684 4453 818 4548 placida
844 4455 1036 4551 Pasargadis
1062 4450 1227 4526 occubuit
1256 4470 1390 4531 morte;
1434 4453 1495 4526 cui

275 4550 376 4627 iidem
407 4578 481 4626 non
510 4551 743 4638 detraxerim3
770 4551 905 4625 constat
931 4575 1070 4646 quoque
1096 4567 1174 4617 eum
1203 4543 1252 4617 ibi
1281 4548 1350 4620 else
1377 4547 1490 4618 hono·

275 4644 370 4726 tifice
394 4648 573 4748 sepulum
597 4675 642 4736 cx
668 4650 806 4740 Sirab„
835 4646 996 4735 Arriam,
1023 4646 1109 4717 Plut.
1135 4656 1172 4708 ct
1200 4642 1285 4712 aliis,

277 4740 285 4751 ⁵
362 4754 370 4763 ⁴
828 4742 936 4829 Iit-4
1217 4732 1247 4827 b.
1275 4735 1507 4830 cccxxvi,
