3575 5884
726 1182 879 1261 Pettalus
901 1178 1041 1287 Quinta.
1264 1292 1273 1309 .
1421 1200 1489 1278 153

277 1388 312 1445 rt
332 1364 527 1443 absolutam
551 1358 876 1437 interminatione·
893 1386 980 1437 uon·
993 1362 1140 1461 inpleri,
1165 1359 1363 1439 existimare
1386 1378 1494 1459 potui

279 1467 327 1555 it,
350 1486 434 1537 curn
457 1460 640 1557 Jehovae,
662 1477 701 1533 et
720 1459 917 1555 prophetae
941 1460 1035 1555 ejus,
1060 1459 1198 1535 honore
1221 1456 1406 1533 consistere
1427 1455 1490 1532 vix

280 1560 397 1659 posse,
419 1556 481 1629 sed
499 1562 592 1651 ptius
614 1554 697 1627 illud
716 1558 843 1651 Jonam
858 1554 1022 1653 inprimis
1043 1556 1191 1631 movisse
1212 1556 1372 1645 videtut,
1396 1553 1491 1650 quod

282 1656 323 1729 td
359 1650 527 1727 Niniven
562 1648 766 1723 servandam
801 1650 936 1747 legatur
978 1650 1298 1743 extraordinarius,
1347 1651 1420 1747 ipse
1448 1646 1491 1721 in

285 1750 305 1823 s
362 1748 417 1835 ‘e,
440 1744 664 1835 mitteretur,
685 1764 727 1817 ut
748 1746 844 1819 urbia
865 1744 1122 1821 conservandae
1145 1747 1188 1821 srt
1210 1746 1489 1821 instrumentum·

332 1858 336 1863 '
401 1862 523 1938 rqtram
554 1840 668 1929 euim,
706 1840 801 1937 quod
823 1842 1025 1938 prophetici
1055 1844 1208 1917 muneris
1231 1840 1417 1939 dignitati,
1448 1854 1493 1915 ae

287 1939 423 2013 divinae
438 1934 647 2026 veracitati,
662 1934 778 2009 videri
792 1935 897 2033 poffit
908 1936 989 2011 satir
1005 1938 1218 2028 consultum,
1234 1938 1280 2028 sr,
1373 1936 1491 2011 niten-

289 2032 615 2133 tiaiutercedente,
637 2030 727 2105 salva
748 2049 907 2105 innueret
930 2032 1075 2123 civitas,
1099 2033 1221 2129 utique
1246 2032 1270 2107 sr
1318 2032 1414 2130 iquid
1423 2031 1492 2105 de·

289 2128 442 2203 trimenti·
464 2146 627 2224 caperet,
650 2146 746 2199 tanta
767 2126 850 2201 inde
872 2126 936 2201 vix
985 2126 1115 2199 otuerit
1139 2128 1176 2199 in
1198 2129 1316 2201 animo
1338 2126 1492 2225 prophe·

290 2242 339 2299 tre
361 2222 450 2297 oriri
463 2222 678 2319 aegritudo,
708 2240 749 2295 ut
770 2222 923 2319 primum
970 2221 1195 2295 etreiiaverit
1210 2220 1382 2310 obedire,
1406 2221 1492 2297 dein

290 2318 367 2393 adeo
388 2318 520 2392 acerbe
541 2316 650 2389 suerit
670 2316 909 2413 conquestus,¹
922 2334 959 2390 et
982 2317 1073 2413 quast
1097 2340 1178 2391 cum
1194 2320 1275 2393 Deo
1298 2314 1493 2412 expostum

290 2414 393 2489 verit:
419 2436 499 2509 cap.
522 2412 592 2485 IV.
615 2410 893 2508 indignationem
916 2412 998 2510 ejus·
1012 2411 1095 2487 inde
1119 2413 1228 2489 suisse-
1242 2432 1374 2503 ortam,
1398 2410 1493 2508 quod

292 2508 401 2593 Ninus
423 2504 765 2616 nou-exscindetur,
797 2530 830 2583 ι.
852 2506 928 2605 ipse
949 2527 987 2582 et
1008 2508 1145 2600 verbis,
1184 2528 1221 2583 et
1243 2508 1382 2584 actione
1411 2507 1493 2595 sua,

292 2601 361 2679 satir
380 2600 555 2679 ostendit:
585 2623 667 2675 cum
689 2601 779 2676 nihil
799 2602 845 2677 tle
868 2602 1022 2683 muneris
1043 2603 1095 2679 sui
1118 2624 1321 2693 contemtu,
1345 2622 1404 2677 aut
1425 2602 1493 2675 ho·

291 2698 376 2775 norit
398 2697 474 2774 Dei
497 2694 734 2771 inminutione
755 2696 932 2796 proferat,
957 2699 1015 2773 sed
1039 2700 1162 2774 cuneta
1185 2700 1222 2773 in
1237 2700 1331 2773 urbis
1354 2698 1494 2771 conser-

288 2792 466 2869 vationem
481 2808 630 2883 exeant,
654 2814 688 2865 a.
710 2794 810 2867 Deus
823 2816 983 2903 quoque,
1008 2796 1132 2891 Jonam
1148 2796 1190 2868 ad
1208 2792 1377 2869 saniorem
1393 2814 1494 2865 meu·

289 2885 595 2976 remredaetunu,
618 2886 706 2987 nihil
719 2888 764 2962 ad
780 2888 876 2961 illum
899 2891 1091 2987 scrupulum
1109 2891 1172 2987 ipsi
1189 2886 1431 2976 eximendum,
1454 2905 1496 2962 et

290 3002 403 3058 metita
423 2982 614 3058 vanitatem
635 2972 954 3073 demonstrandam,
978 2984 1128 3075 adserat,
1152 2985 1209 3059 sed
1227 2985 1382 3059 Ninives
1405 3006 1492 3055 eon·

293 3075 519 3155 ferrationem
540 3077 605 3153 sibi
633 3101 737 3152 curae
760 3078 926 3175 cordique
942 3080 1010 3155 effe
1035 3079 1163 3153 debere
1180 3100 1314 3154 tantum
1338 3078 1495 3154 evincat.

326 3176 358 3288 p.
383 3174 513 3249 CLIV.
552 3172 623 3247 Sed
651 3174 735 3270 quid
756 3177 881 3271 Jonmn
911 3174 954 3248 ad
983 3174 1077 3248 urbis
1106 3174 1376 3249 destructionem
1407 3172 1499 3251 adeo

289 3268 542 3347 tlehderandam
565 3268 698 3359 movit,
730 3294 833 3365 quare
854 3293 934 3343 eam
957 3268 1017 3342 suo
1041 3268 1234 3343 ministerio
1256 3269 1497 3346 conservatam

288 3366 423 3442 noluit?
447 3362 522 3437 Etsr
537 3364 643 3459 Jonas
665 3364 821 3461 graviter
844 3364 1025 3461 peccavit,
1049 3365 1142 3463 quod
1166 3365 1238 3439 sese
1260 3364 1401 3438 divinae
1417 3366 1495 3435 lon·

289 3458 503 3559 ganimiratir
524 3458 697 3533 exercitio
721 3458 943 3559 opposuerit,
967 3462 1086 3535 uDeo
1109 3461 1216 3533 etiam
1239 3475 1427 3553 propterea
1442 3455 1496 3527 se·

291 3579 366 3631 vere
388 3551 639 3652 reprehensus,
663 3554 816 3629 rationes
840 3572 1051 3629 tamennon
1075 3555 1218 3640 desunt,
1249 3573 1337 3647 quae
1355 3549 1498 3645 ipsum,

291 3651 373 3727 stiva
392 3650 546 3748 persona
566 3673 668 3744 quarn
691 3652 855 3749 gerebat,
879 3648 970 3723 salva
993 3650 1102 3723 etiarn
1126 3645 1324 3721 reverentia
1346 3646 1419 3743 ejus
1442 3670 1497 3719 er·

290 3770 330 3845 ga
344 3750 486 3835 Deum,
510 3744 555 3817 ad
571 3746 638 3817 tale
661 3746 745 3841 quid
765 3767 974 3842 permovere
998 3763 1199 3841 potuerunt.
1240 3743 1316 3839 lpse
1341 3741 1498 3833 scilicet,

290 3842 398 3917 nimio
423 3840 540 3938 gentis
561 3840 640 3915 suae
662 3842 798 3915 honore
822 3860 859 3915 et
883 3864 1003 3914 amore
1028 3838 1208 3929 adse-itus,
1225 3838 1387 3913 Niniven
1411 3862 1499 3912 con·

290 3935 417 4013 servari
441 3936 503 4008 suo
533 3935 726 4009 ministerio
749 3936 894 4010 noluiss'e
918 3934 1068 4010 videtur.
1122 3959 1153 4010 ι.
1178 3934 1270 4039 Quia
1299 3935 1341 4007 nd
1367 3935 1497 4007 Israelis

289 4035 423 4109 ruinam
440 4029 777 4127 spectare-Ninives,
793 4049 831 4101 et
846 4029 946 4127 regni
963 4029 1155 4125 Assyriaci,
1172 4030 1499 4117 conservationem,

289 4126 478 4225 praevidit.
524 4131 612 4201 Cum
626 4129 721 4200 enim
744 4124 827 4200 illud
840 4148 988 4221 regnum
1006 4126 1079 4221 jam
1102 4150 1146 4199 eo
1163 4146 1321 4222 tempore
1346 4126 1500 4198 maxime

290 4226 451 4313 floreret,
484 4240 523 4294 et
543 4219 655 4296 indier
677 4222 869 4310 cresceret,
900 4223 956 4296 vel
982 4220 1246 4317 prudentiores,
1281 4222 1391 4317 magis
1415 4220 1498 4295 Pro·

290 4322 439 4416 phetae,
464 4316 546 4391 illud
562 4316 697 4407 Israeli,
721 4317 817 4412 eujus
840 4316 1107 4393 statusmoralis
1124 4322 1196 4417 jam
1219 4338 1313 4406 erat,
1337 4335 1373 4388 et
1389 4317 1501 4415 mugit

287 4418 409 4503 fieret,
434 4412 726 4510 corruptiffimus,
751 4410 898 4487 exitium
915 4414 1126 4507 adlatunrm,
1152 4438 1223 4490 non
1240 4431 1403 4508 poterant
1427 4434 1499 4485 non

284 4532 453 4585 metuere.
505 4530 537 4581 2.
562 4506 806 4583 Ninivitarum
830 4512 1116 4602 conversionem,
1140 4530 1177 4585 et
1194 4506 1499 4582 conservationem

286 4606 422 4691 Israeli,
445 4602 489 4675 ad
511 4604 760 4703 prophetarum
783 4605 974 4681 conciones
999 4606 1069 4683 sese
1092 4602 1316 4693 obfirtnanti,
1341 4604 1418 4675 sore
1435 4624 1497 4695 op·

288 4764 296 4775 .
317 4696 418 4775 Tem.
439 4700 492 4779 ΙΙ.
886 4701 925 4777 V
1328 4693 1476 4793 probriu
1484 4754 1498 4797 ,
