3575 5884
281 1115 364 1203 48&
624 1096 771 1197 Irsrstorr'a
792 1094 1094 1193 Bcrksrafllcas'.
1121 1096 1161 1175 Τ.

289 1305 366 1365 tum
389 1277 462 1372 est,
487 1272 695 1355 lienteriam
716 1276 846 1353 fastum
869 1275 943 1369 est,
968 1279 1115 1355 nornine
1130 1276 1211 1356 festi
1226 1285 1508 1363 rameses

289 1380 464 1458 Mulsum:
490 1376 533 1449 de
552 1399 621 1471 quo
637 1373 759 1471 postea
775 1375 838 1448 suo
857 1376 950 1450 loco.
999 1378 1202 1468 Praeterea,
1229 1400 1277 1453 ne
1295 1380 1507 1476 praesidiarii

292 1475 402 1567 ucis,
422 1470 576 1567 Templo
592 1467 820 1562 inminentis,
889 1495 944 1545 rm
956 1495 1023 1547 nec
1042 1490 1271 1571 oppugnare,
1288 1498 1358 1551 nec
1375 1494 1506 1586 expug·

288 1598 396 1663 nare,
423 1566 495 1641 hoc
520 1584 680 1662 tempore
703 1495 976 1685 potuitYudas,
1001 1567 1150 1645 nimium
1166 1592 1341 1645 nocerent
1363 1572 1402 1645 in
1428 1577 1505 1647 reli·

287 1668 404 1771 gionis
426 1659 619 1751 exercitio,
646 1682 806 1739 montem
825 1658 970 1759 'lempli
994 1664 1066 1739 alto
1085 1666 1199 1740 cinxit
1226 1688 1352 1758 muro,
1380 1683 1419 1741 et
1433 1690 1503 1742 mu·

288 1764 373 1845 uitis
388 1752 573 1849 turribus,
613 1750 768 1856 inpofito
801 1761 908 1835 etiam
931 1759 1116 1857 praesidio.
1165 1761 1303 1867 Quibus
1331 1763 1502 1859 petatur,

285 1879 324 1937 et
350 1850 523 1932 Idumaeir
557 1879 718 1953 quoque,
759 1856 817 1953 qui
843 1856 994 1955 Judaeos
1025 1857 1157 1955 ubique
1180 1856 1408 1947 infestabant,
1451 1885 1504 1934 re-

284 1946 424 2057 pressis,
449 1948 565 2024 movit
589 1950 713 2026 contra
727 1951 968 2042 Ammonitas,
992 1951 1087 2026 inter
1109 1975 1196 2050 quos
1220 1952 1416 2028 verfibatur
1438 1956 1503 2028 Ti·

284 2044 474 2137 matheus,
498 2044 569 2123 dux
585 2050 773 2145 Syrorum,
799 2047 858 2145 qui
877 2048 1042 2147 Judaeam
1058 2072 1139 2124 curn
1155 2050 1339 2140 exercitu,
1353 2052 1396 2124 ab
1416 2053 1500 2126 Am·

287 2143 433 2243 monitis
456 2136 614 2243 adjutus,
636 2144 769 2219 intrare
796 2146 996 2242 cogitabat,
1029 2169 1064 2219 m
1133 2170 1154 2219 a
1186 2144 1300 2243 strage
1325 2145 1420 2219 inter
1446 2171 1505 2223 eor

286 2236 401 2335 sadis,
434 2258 473 2313 et
496 2241 580 2312 urbe
602 2240 729 2337 Jazere
755 2261 945 2338 occupata,
985 2264 1067 2315 cunr
1129 2241 1291 2317 imotheo
1315 2242 1501 2340 adpropin-

287 2364 393 2441 quare
417 2358 490 2408 non
513 2335 646 2430 posset,
672 2334 780 2410 rediit
801 2336 840 2408 in
866 2336 1052 2433 Judaeam:
1077 2361 1148 2434 quo
1172 2359 1255 2411 curn
1277 2354 1361 2413 eum
1385 2339 1420 2413 se
1468 2363 1501 2412 e·

284 2456 384 2519 tetur
408 2428 639 2521 Timotheus,
681 2427 840 2507 exercitu
873 2454 919 2506 err
947 2431 1075 2507 vicinis
1106 2432 1299 2530 gentilibus
1333 2362 1503 2526 celredus,

285 2536 392 2641 Judar
409 2543 489 2602 eum
507 2522 653 2615 invasit,
677 2544 714 2598 et
728 2527 906 2623 plusquam
926 2549 972 2600 20
988 2528 1139 2602 millibus
1157 2527 1300 2620 occifis,
1325 2527 1364 2602 in
1384 2533 1500 2605 urbem

284 2632 453 2709 Gazaranr
472 2620 636 2701 secedere
660 2621 808 2717 coegit,
830 2623 890 2697 ubi
916 2647 997 2701 eum
1014 2623 1171 2712 obsedit,
1196 2643 1256 2715 et,
1284 2625 1375 2699 urbe
1402 2649 1501 2701 occu·

311 2747 389 2818 ata,
414 2717 494 2797 neci
520 2735 599 2795 cum
618 2718 779 2811 Chezea,
803 2718 911 2797 fratre
930 2719 1026 2890 eq'qr,
1052 2738 1089 2793 et
1105 2718 1199 2795 urbis
1214 2719 1422 2818 praeferto,
1445 2722 1499 2795 de·

310 2821 348 2895 ‘t.
385 2815 567 2902 Gentiles,
592 2812 647 2887 his
665 2814 881 2889 mirabilibus
896 2816 942 2911 Ju
1025 2814 1232 2891 successrbus
1246 2815 1401 2909 irritati,
1426 2840 1500 2894 curu

284 2913 377 2998 cous
397 2911 546 2996 iratent,
572 2908 617 2987 ab
635 2930 682 2982 eo
706 2931 886 3006 ternpore,
912 2910 951 2984 in
967 2935 1091 2985 necem
1110 2912 1344 3008 Judaeorum,
1370 2914 1410 2987 in
1434 2938 1500 2988 me·

283 3011 347 3093 dio
369 2938 420 3083 dri
435 3002 689 3097 habitantium,
714 3005 752 3081 in
775 3004 893 3102 specie
914 3005 1166 3083 Gileaditarum
1190 3029 1228 3081 et
1247 3007 1499 3099 Galilaeorum,

308 3104 391 3181 udas
414 3123 495 3174 eum
519 3100 718 3208 Jonathane
744 3099 928 3176 Gileaditis
960 3103 999 3175 in
1023 3104 1189 3178 auxilium
1214 3104 1409 3195 succurrit,
1453 3109 1498 3180 Si·

282 3225 370 3295 mon
389 3195 573 3283 Galilaerr3
599 3195 771 3293 Josephus
790 3216 828 3271 et
844 3195 974 3271 Azania
996 3199 1195 3273 manserunt
1211 3200 1382 3275 Hierosol
1410 3225 1501 3291 mae,

280 3326 366 3383 cum
389 3290 549 3391 expressb
566 3290 729 3366 mandato
752 3291 983 3383 defenfionis,
1009 3318 1082 3368 non
1098 3294 1345 3393 adgreffionis,
1411 3298 1497 3371 cien-

281 3388 359 3476 ὣς,
410 3390 518 3490 Judas
539 3412 619 3471 cum
644 3389 864 3484 Jonatlrane,
901 3410 938 3463 et
964 3388 1107 3483 Simon,
1143 3415 1236 3465 arma
1259 3390 1426 3471 vislricia
1451 3390 1496 3467 ibi

150 3563 154 3567 .
282 3485 554 3587 circumquaque
580 3487 755 3576 tulerunt,
798 3505 836 3561 et
861 3487 1067 3655 pqpuiarer,
1107 3485 1265 3562 hostibus
1299 3512 1429 3587 magua
1452 3489 1497 3564 in·

279 3588 380 3667 nitra
397 3584 517 3674 clade,
536 3581 749 3675 liberarunt:
773 3581 831 3656 sed
849 3585 899 3682 Jo
914 3582 1025 3679 ephur
1042 3583 1215 3658 etAzaria
1230 3581 1379 3671 fratres,
1402 3609 1499 3676 cum,

282 3702 408 3765 contra
433 3676 629 3776 expressum
649 3677 759 3777 Judae
782 3679 1001 3769 mandatum,
1027 3679 1219 3775 lamiam,
1246 3677 1342 3755 inter
1359 3683 1497 3781 Joppen

280 3804 322 3858 et
339 3778 514 3865 Azotum,
536 3778 657 3850 urbem
675 3774 909 3864 maritimam,
927 3774 1154 3866 invaderent,
1180 3776 1273 3849 haud
1290 3778 1423 3876 exigua
1437 3779 1494 3853 cla·

283 3879 329 3955 de
354 3872 481 3967 repulsu
509 3876 608 3962 sunt,
642 3889 680 3943 et
709 3871 994 3968 Hierosolymam
1023 3895 1103 3945 curn
1130 3873 1267 3970 pudore
1298 3876 1492 3949 redierunt:

282 3973 390 4079 Judaa
413 3985 520 4052 veru,
546 3967 585 4040 in
609 3968 709 4041 cursu
729 3967 956 4053 visleriarum
980 3993 1151 4068 pergens,
1176 3968 1365 4043 idumaeos
1389 3971 1427 4045 in
1443 3991 1491 4043 or*

282 4073 406 4150 dinem
429 4060 589 4168 redegit,
615 4064 808 4154 Hemone,
834 4065 1023 4162 metropoli
1044 4089 1164 4139 eorum
1186 4061 1364 4163 (Idumaei
1383 4064 1493 4154 enirn,

278 4186 446 4260 ternpore
469 4157 567 4233 exilii
591 4159 816 4256 Babylonici,
853 4160 1004 4237 austrum
1029 4163 1180 4260 Judaeae
1196 4158 1266 4233 ·srbi
1294 4161 1492 4238 vindicave-

277 4278 382 4351 sant,
421 4277 461 4334 ut
488 4254 549 4330 suu
582 4252 663 4326 loco
696 4254 837 4352 notavi)
863 4278 966 4353 capta
994 4277 1031 4331 et
1064 4254 1256 4345 destrudla,
1294 4258 1497 4333 Philistaeos

329 4379 419 4453 oque
445 4375 483 4428 et
511 4349 743 4427 Samaritanus
770 4353 985 4447 pervadens,
1011 4378 1072 4427 eos
1097 4352 1273 4452 aJudaeis
1296 4352 1497 4453 infellnndis

275 4451 476 4537 absterruit.
526 4446 666 4547 Deinde
684 4445 840 4554 Lysiam,
866 4447 949 4543 qui,
975 4448 1122 4547 ingente
1147 4445 1296 4523 collecto
1314 4451 1495 4548 exercitu,

271 4555 444 4668 Judaeum
468 4546 591 4633 denuo..
614 4544 765 4631 intrarat
784 4545 827 4627 ab
852 4540 990 4638 austro,
1024 4565 1062 4625 et
1087 4545 1292 4627 Bethsuram
1316 4546 1499 4658 obsrdiqne

357 4720 364 4731 .
1354 4660 1494 4735 W»
