3575 5884
351 959 421 1030 tos
692 906 1094 1048 nummisma
1115 945 1160 1024 tf.
1187 941 1229 1020 r.

348 1139 405 1208 ter
429 1125 540 1203 Elium
560 1141 600 1202 et
624 1118 749 1200 Elisnm
772 1123 904 1216 medii,
942 1125 1040 1202 reste
1060 1127 1106 1204 ud
1129 1125 1277 1216 Elium,
1309 1118 1483 1201 divinitu
1504 1117 1568 1196 in·

346 1249 391 1301 nu
439 1223 584 1298 randum
608 1218 647 1292 in
671 1220 789 1298 locum
814 1221 932 1312 Elias,
965 1243 1004 1298 et
1026 1223 1154 1298 eodem
1160 1221 1293 1392 ¹[piritu
1315 1216 1570 1329 animandum..

347 1329 387 1395 're
405 1338 572 1406 erunturt
606 1315 694 1390 ficut
715 1337 820 1394 antea
838 1316 944 1392 ·Elire
957 1318 1036 1394 ¹fuit
1058 1318 1097 1392 in
1120 1318 1158 1391 vi
1174 1344 1198 1392 ο
1220 1316 1374 1423 oblutus,
1401 1337 1434 1390 α
1458 1313 1568 1386 XIX.

415 1472 424 1489 .
451 1415 548 1488 CIV.
573 1410 648 1484 Elin
671 1411 738 1488 bat
760 1413 898 1486 ratione
920 1413 1057 1505 ablato,
1082 1436 1167 1488 mox
1188 1412 1378 1487 solemnes
1399 1428 1439 1484 et
1463 1407 1570 1482 duvr-

347 1509 445 1584 nitus
479 1508 700 1604 inauguratus
723 1508 816 1615 quast
850 1506 903 1580 est
923 1507 1036 1600 Elisa,
1077 1529 1240 1604 tanquam
1271 1507 1346 1602 ejus
1366 1501 1567 1608 succeffur,

347 1624 388 1678 et
412 1601 537 1700 spiritu
568 1601 642 1697 ejus
664 1602 810 1698 coprose
837 1601 1035 1697 praeditus,
1066 1611 1189 1700 partin
1218 1624 1283 1698 per
1301 1603 1440 1696 pallium
1460 1597 1569 1706 Eltne

346 1697 540 1795 dejedium
564 1716 603 1771 et
617 1697 659 1770 ab
688 1697 764 1794 ipso
779 1697 948 1787 sumtum,
973 1699 1068 1796 quod
1089 1718 1213 1786 anter,
1238 1717 1402 1792 tempore
1425 1710 1569 1770 vocatr-

346 1793 426 1880 onis
447 1793 489 1867 ad
515 1792 586 1866 hoc
609 1814 754 1882 munus,
793 1797 833 1866 in
858 1815 941 1866 eum
963 1794 1166 1889 conjecerat
1180 1792 1282 1880 Elia,
1322 1811 1436 1886 eoque
1460 1785 1568 1884 (igno

344 1887 438 1987 quafi
464 1903 606 1962 unxerat
625 1909 709 1962 eum
733 1887 966 1986 prophetam,
991 1907 1030 1962 et
1052 1888 1296 1964 successorem.
1310 1909 1328 1959 1
1341 1887 1434 1979 Reg.
1459 1882 1564 1961 xlx.

341 1987 464 2084 purtim
532 2007 549 2056 r
575 1981 728 2078 ejusdem
761 1983 906 2058 virtutis
941 1981 1154 2060 exercitium
1182 1983 1222 2058 in
1250 1984 1344 2078 aquis
1376 1976 1561 2087 Jurdtnts‚

435 2078 472 2174 ip
489 2103 547 2151 um
570 2076 654 2149 illud
677 2075 818 2172 pallium
844 2076 989 2157 divisis:
1021 2079 1128 2177 Quod
1159 2077 1273 2188 ipsum
1296 2075 1483 2183 bffionqut
1505 2093 1562 2147 sn·
1689 2128 1691 2173 ÷

345 2097 517 2248 dinatum
533 2169 669 2258 voluit,
693 2191 774 2242 cum
794 2172 915 2268 nReg.
933 2173 980 2244 11:
1004 2197 1058 2266 14.
1083 2178 1202 2250 verbu
1217 2171 1350 2262 Eliste,
1365 2187 1563 2276 aquuper·

344 2266 466 2352 suffia,
498 2269 555 2336 ubt'
578 2261 624 2360 est
648 2265 740 2338 Deus
764 2267 890 2338 Elias?
924 2266 998 2362 subj
1072 2269 1123 2360 it,
1163 2274 1264 2344 etiam
1284 2266 1371 2367 ipse,
1406 2264 1565 2363 (scrbcet

345 2359 437 2434 Elisa
479 2376 510 2431 et
535 2383 636 2454 aquas
655 2356 809 2456 percufflt
833 2379 866 2433 et
890 2363 957 2436 din·
971 2291 1130 2456 affut,
1164 2363 1281 2474 (fimui
1304 2387 1350 2442 ac
1372 2358 1566 2465 percuffif,

343 2453 478 2560 divi-ue
509 2450 605 2550 sunt)
638 2457 745 2563 verba
778 2455 828 2529 ita
875 2479 897 2528 e
946 2475 1009 2530 unt
1028 2457 1209 2552 historicr,
1251 2479 1291 2534 et
1312 2456 1357 2534 ad
1378 2455 1568 2562 sequentm

372 2566 546 2638 sument,
578 2571 620 2626 ac
641 2549 767 2624 Ehsam
791 2547 836 2624 de
850 2571 993 2649 rgnant,
1026 2577 1142 2650 eoque
1165 2553 1337 2642 tendunt,
1370 2571 1411 2628 ut
1432 2549 1569 2630 Eltsam

345 2643 441 2717 sdem
456 2643 648 2716 facientem
671 2667 712 2716 ac
729 2643 860 2732 Elium,
886 2671 953 2744 pro
973 2648 1049 2744 ejus
1065 2649 1279 2738 successore,
1307 2645 1436 2724 eodem
1457 2667 1567 2740 pue·

341 2735 455 2812 ditu'm
471 2736 614 2833 spiritu,
641 2737 737 2812 redte
753 2739 893 2828 haberi,
920 2741 1088 2817 indicent.
1136 2745 1254 2850 Quare
1270 2768 1291 2816 a
1306 2741 1389 2818 filiis
1401 2737 1570 2835 prophe·

345 2849 480 2920 tarum,
504 2856 573 2928 qua
590 2831 685 2922 talis,
706 2855 789 2907 mox
805 2833 945 2931 agnitus
956 2836 1030 2925 est,
1054 2856 1093 2909 et
1106 2841 1166 2910 duo
1182 2837 1281 2912 dedit
1294 2834 1478 2934 singulum
1493 2833 1568 2908 nri·
1689 2871 1691 2888 ι

344 2921 480 3000 nisterii
494 2925 580 3000 suis
599 2927 768 3017 stimma,
794 2929 838 3001 de
855 2948 977 3004 natura
990 2949 1028 3003 et
1043 2931 1201 3006 efficacia
1227 2930 1415 3008 ministerii
1432 2928 1565 3007 testau-

344 3019 416 3109 tia,
441 3045 537 3094 unum
563 2951 724 3111 ditmare,
750 3023 787 3096 in
810 3023 957 3118 gratiam
980 3025 1139 3122 piorum,
1163 3029 1313 3102 altermu
1331 3026 1500 3124 judicirle
1521 3041 1568 3097 et

343 3113 506 3192 severum
533 3115 570 3190 in
585 3139 735 3212 poenam
759 3118 1003 3212 inproborum.
1051 3122 1149 3195 Prius
1162 3124 1202 3196 in
1223 3122 1324 3217 aquis
1338 3120 1563 3198 Hierichun-

343 3209 433 3286 sinis
454 3213 628 3306 malignis,
669 3211 742 3284 srve
766 3211 914 3286 turbidis
944 3233 982 3287 et
1005 3214 1170 3305 foetidis,
1210 3241 1300 3312 quae
1321 3241 1446 3314 agnum
1466 3213 1562 3292 viti·
1688 3202 1689 3291 Ῠ

341 3329 429 3379 num
453 3306 643 3381 reddebant
667 3305 820 3380 sterilem
844 3326 882 3380 et
897 3313 1124 3401 abortienttm,
1148 3311 1325 3401 sanandis,
1348 3335 1392 3388 ac
1410 3310 1565 3389 foem-
1688 3348 1689 3411 ,

343 3399 397 3470 dis
421 3397 623 3486 reddendis,
648 3423 712 3494 per
726 3401 856 3496 sulem,
880 3401 923 3474 ab
941 3402 1225 3478 Hierichuntinis
1247 3433 1333 3480 nova
1352 3408 1470 3502 phiala
1493 3403 1563 3480 ob·
1688 3414 1689 3467 ἶ

344 3491 475 3577 latum,
508 3490 624 3562 ineas
649 3493 859 3588 conjettum.
885 3501 888 3508 '
910 3494 1015 3662 {uod
1038 3497 1242 3575 miraculum
1270 3525 1318 3574 eo
1338 3500 1434 3576 mihi
1457 3498 1562 3577 vide·

343 3601 405 3655 tur
431 3583 643 3671 collinenffe,
672 3609 702 3658 1.
727 3606 767 3660 ut
791 3588 907 3662 sedem

955 3613 1040 3680 ane,
1067 3597 1164 3689 cujus
1186 3597 1267 3668 urbs
1288 3616 1394 3670 antea
1415 3594 1563 3692 aJosua
1688 3608 1689 3627 ¹

341 3674 547 3764 maledieta,
572 3677 752 3782 proxime,
778 3703 901 3758 contra
916 3683 989 3758 Dei
1012 3687 1229 3764 voluntatem
1241 3691 1305 3766 sub
1321 3691 1494 3778 Achubo,
1518 3688 1563 3763 in
1688 3718 1689 3729 ¹

343 3774 470 3867 urbem
501 3767 669 3842 munitam
694 3773 914 3850 reaedificata
942 3799 1037 3870 erat,
1081 3805 1153 3855 non
1187 3785 1259 3860 fine
1290 3785 1427 3882 inpleta
1450 3785 1562 3864 nude·

345 3861 503 3936 'ditbione
527 3862 603 3948 illa,
636 3864 798 3959 cujusque
822 3868 955 3964 fignum
985 3871 1023 3946 in
1048 3875 1128 3969 ipsrs
1148 3877 1217 3955 illis
1246 3882 1345 3976 aquis
1368 3877 1559 3976 malignis,

342 3965 434 4048 ¹quau
456 3957 566 4027 abeo
589 3953 682 4027 forte
715 3975 873 4052 tempore
897 3985 1111 4058 coeperunt,
1152 3973 1278 4050 muniit
1300 3974 1560 4072 conspicuum,

336 4049 449 4156 sedent
481 4047 618 4144 inquam
648 4049 739 4121 hanc
759 4073 781 4122 a
804 4055 1047 4132 maledidtione
1078 4065 1149 4140 esse
1177 4070 1360 4145 liberatum
1393 4089 1434 4144 et
1457 4069 1560 4144 fane-

344 4140 532 4229 tificntam,
557 4141 627 4214 hoc
651 4143 787 4215 luculen
795 4163 833 4218 to
851 4147 981 4222 favoris
1004 4152 1118 4231 divini
1135 4161 1254 4258 figno,
1281 4163 1558 4254 testificaretur,

293 4317 297 4324 ,
347 4235 442 4323 finnt!
466 4234 608 4330 dignum
631 4235 700 4310 effe
722 4235 857 4314 scholae
881 4245 1131 4344 prophetarum
1153 4261 1295 4349 locum,
1320 4279 1359 4335 et
1382 4262 1470 4334 Deo
1491 4260 1558 4340 ad·

337 4327 549 4452 3²30b³1¹¹¹¹¹5
585 4331 784 4421 decimaret,
831 4334 939 4452 Qud
969 4345 1079 4442 magis
1107 4349 1147 4425 se
1165 4353 1398 4455 adprobabit,
1442 4353 1560 4432 frad-

886 4493 899 4516 a
931 4481 936 4488 ’
958 4483 965 4492 ’
1374 4468 1561 4539 vertatur,
