3575 5884
313 929 325 953 ἱ
991 904 994 909 “
1259 912 1267 917 .

276 1097 349 1173 524
619 1071 765 1172 testona
788 1068 1090 1171 Eccltliafltlffl
1116 1066 1160 1145 T.

279 1253 410 1366 diarios
435 1256 544 1345 arcis,
576 1252 643 1377 'seu
665 1276 786 1343 ottae,
822 1275 938 1351 prope
973 1252 1187 1351 Templum:
1226 1247 1372 1346 dequo
1395 1245 1504 1345 'supra

278 1375 352 1448 egl·
1022 1410 1026 1418 Ι
1192 1441 1202 1458 ·
1234 1396 1243 1405 .
1359 1441 1367 1454 ι
1398 1435 1407 1451 ·
1492 1389 1494 1393 ·
1546 1394 1551 1404 .

280 1441 1371 1654 iel-,lllnttnllltlnttllatae
1393 1435 1499 1605 ul

278 1641 433 1726 auxilio,
457 1638 574 1712 mulus
601 1638 707 1736 signis
734 1664 775 1714 ac
799 1638 959 1734 essesut,
991 1639 1137 1714 subinde
1162 1659 1256 1745 mua
1311 1632 1404 1720 osas,
1432 1626 1500 1735 sese

280 1731 535 1813 manifestante.
584 1736 643 1809 De
669 1761 740 1835 quo
764 1759 810 1808 ex
827 1734 1050 1832 Prophetiis,
1073 1751 1111 1807 et
1130 1730 1278 1807 historia
1302 1729 1505 1802 adcuranus

279 1826 424 1906 disserui
448 1829 487 1904 in
513 1829 603 1905 Diss.
629 1832 672 1905 ad
695 1835 786 1906 Dan.
813 1831 960 1920 illlum,
1002 1851 1040 1903 et
1065 1833 1201 1903 Comm.
1226 1825 1269 1900 ad
1293 1848 1330 1900 c.
1353 1824 1420 1897 XI:
1446 1841 1504 1914 34.

279 1946 319 2003 et
343 1928 426 2000 Xll:
456 1951 488 2000 1.
512 1927 606 2000 unde
630 1951 668 2001 re
695 1927 766 2016 eti,
793 1949 881 2034 quae
907 1927 980 1998 huc
1002 1924 1160 2015 faciunt,
1185 1921 1341 2019 possunt.
1395 1914 1501 2018 Quod

274 2015 308 2101 'sl
333 2021 449 2111 forte,
474 2023 624 2096 utillud
651 1953 771 2096 oiiter
791 2023 995 2119 adtingam,
1025 2044 1114 2119 quae
1137 2038 1241 2093 autor
1267 2017 1431 2091 2Macc.
1455 2011 1501 2099 X,

279 2120 337 2203 XI
361 2137 399 2192 et
423 2118 528 2192 XIV.
560 2118 605 2193 de
638 2118 795 2193 externis
828 2117 1088 2215 adpariuonum
1122 2112 1351 2204 coelestium,
1388 2108 1502 2204 licigu-

279 2239 383 2305 tum,
415 2213 633 2312 aliorumque
663 2217 1021 2311 phaenomenorum,
1051 2210 1157 2308 fignia
1188 2228 1331 2300 metat,
1361 2207 1500 2310 plenam

279 2334 360 2397 non¹
381 2309 580 2406 producant
603 2308 735 2400 fidem,
756 2309 801 2382 de
825 2332 897 2403 quo
917 2306 1076 2383 hicnon
1100 2306 1310 2404 disputabo,
1325 2300 1501 2398 ,multipli-

279 2408 339 2485 cia
361 2405 426 2482 alia
476 2404 666 2478 raesentiae
688 2424 727 2476 et
750 2402 907 2501 justitiae
929 2403 1002 2478 Dei
1029 2403 1146 2501 signa,
1178 2399 1278 2477 omni
1307 2397 1420 2475 dubio
1443 2418 1503 2470 vt·

281 2529 373 2613 tuat,
414 2430 485 2574 sefe
511 2499 548 2572 in
575 2500 648 2596 ipsa
675 2498 822 2576 historia
842 2497 1021 2589 offerunt,
1062 2522 1221 2608 quaeque
1244 2495 1312 2607 lita
1335 2494 1502 2581 suerunt,

283 2625 318 2687 a.
345 2623 384 2672 in
400 2593 592 2692 stupenda,
608 2615 646 2669 et
663 2593 839 2695 plusquam
859 2594 1029 2684 humana,
1048 2613 1184 2669 virtute
1202 2593 1375 2682 heroica,
1400 2611 1502 2688 quam

280 2692 493 2780 Maccabaei
516 2689 787 2788 praestiterunt,
820 2713 855 2764 2.
880 2691 920 2766 in
944 2686 1377 2787 facinoribuainauditin,
1410 2705 1505 2782 quae:

281 2788 448 2867 inhostet
461 2787 720 2891 potentissimos
735 2785 943 2876 ediderunt,
962 2811 999 2883 3.
1013 2787 1052 2861 in
1069 2803 1205 2861 terrore
1221 2783 1377 2881 panico,
1392 2779 1500 2889 hosti3

282 2886 346 2975 but
373 2881 485 2975 saepe
505 2880 680 2972 Jmcusso,
721 2903 795 2980 quo
830 2882 888 2954 vel
920 2882 963 2956 ad
993 2905 1125 2957 nomen
1149 2879 1261 2977 Judee
1290 2878 1500 2956 Maccabeos

281 2978 495 3084 aufugerunt
508 2976 675 3073 -trepidi,
697 2999 736 3067 4.
760 2975 799 3051 in
815 2976 1029 3069 velocitate,
1054 3001 1096 3053 ac
1120 2979 1250 3053 robore
1265 2976 1502 3055 Maccahaeo-

281 3097 360 3150 rum
379 3070 603 3161 invincibili,
627 3072 781 3170 denique
806 3095 840 3164 5.
866 3071 904 3147 in
921 3073 1073 3149 mirabili
1089 3096 1207 3146 rerum
1226 3069 1503 3156 instauratione,

281 3189 321 3255 et
345 3167 469 3244 scenae
496 3166 715 3259 mutatione,
740 3164 909 3346 deincefis
935 3169 1072 3259 secuta,
1099 3170 1203 3243 rebus
1226 3166 1321 3264 quasi
1348 3168 1505 3263 despera·

878 3262 1028 3354 citatis,
1044 3266 1184 3341 culmen
1199 3263 1366 3341 evenit.
1396 3259 1501 3337 Cous.

284 3363 394 3445 Zach.
412 3363 475 3436 lX:
499 3384 558 3456 13,
585 3383 642 3450 14.
666 3359 821 3435 notabile
841 3358 1064 3445 vaticinium.
1110 3359 1276 3434 Tandem
1293 3367 1335 3437 ,6.
1361 3360 1401 3437 in
1416 3357 1502 3435 mul.

283 3463 332 3555 tis
353 3460 427 3531 irae
448 3457 591 3547 diuinae
617 3456 642 3531 si
668 3455 742 3546 nis,
760 3453 916 3544 cumin
934 3455 1109 3533 Antiochi
1125 3455 1322 3552 Epiphania
1345 3455 1445 3544 sato,
1466 3469 1507 3527 et

284 3553 387 3650 tegni
416 3555 619 3637 turbulento
686 3572 724 3628 tu
748 3551 828 3651 post
843 3551 989 3641 secuto,
1013 3571 1089 3629 tum
1107 3551 1290 3648 inpiorum
1304 3549 1507 3650 „etapossai

286 3669 400 3740 tasum
425 3649 642 3740 Judaeormn·
661 3648 834 3741 excidio,
850 3666 896 3725 ex
918 3648 1064 3725 historia
1090 3669 1190 3724 noto.
1403 3664 1432 3703 -’

297 3813 303 3821 .
331 3743 364 3842 l.
392 3744 536 3820 DVlll.
574 3745 735 3820 Pertinet
767 3769 909 3843 quoque
938 3744 982 3821 ad
1015 3746 1088 3822 hoc
1122 3742 1345 3821 intervallum
1379 3737 1506 3816 festum.

286 3843 532 3935 encoeniorum,
577 3861 740 3938 tempore
763 3842 875 3940 Judae
901 3840 1119 3933 institutum,
1145 3840 1199 3914 -in
1222 3837 1430 3912 memoriam
1453 3858 1505 3907 re·

287 3936 428 4038 purgati
457 3935 622 4029 Templi,
649 3939 744 4034 Syris
769 3935 938 4034 expulsit,
969 3957 1008 4014 et
1031 3934 1209 4014 instaurati
1232 3934 1401 4009 exercitii
1416 3930 1504 4005 -reli-

287 4033 425 4132 gionis,
450 4028 541 4126 quod
566 4054 629 4123 per
656 4041 675 4111 8
705 4032 780 4110 dien
804 4035 1022 4128 celebrauit„
1049 4060 1070 4109 a
1094 4033 1153 4108 die
1182 4046 1261 4120 asto
1278 4028 1422 4118 Casseu,
1448 4026 1504 4101 cui

287 4129 410 4207 noster
431 4123 555 4214 mensis
580 4126 770 4202 Decembr.
796 4129 1006 4225 respondem
1038 4155 1133 4228 quo,
1164 4122 1260 4204 omni
1291 4122 1448 4222 'junio,
1470 4142 1508 4200 et

288 4222 384 4305 luctu
402 4223 542 4315 vetito,
563 4221 718 4295 laetitiae
736 4223 940 4320 indulgent,
964 4244 1002 4300 et
1019 4229 1143 4302 suamne
1162 4246 1269 4299 accen
1294 4242 1422 4300 untur:
1446 4243 1506 4292 cu·

288 4312 513 4402 'nomentio
544 4316 652 4392 exstat
690 4318 847 4390 1Macc.
873 4320 942 4394 lV.
977 4340 1015 4393 et
1051 4324 1208 4396 nMacc.
1240 4317 1309 4392 IV.
1345 4340 1387 4390 ac
1414 4315 1508 4410 apud

315 4415 360 4490 os.
386 4415 473 4487 Ant.
498 4416 520 4487 l.
536 4417 626 4514 XII.
674 4411 850 4506 Adpcllari
878 4414 966 4487 solet
990 4416 1116 4489 festum
1142 4419 1298 4489 luininum
1325 4425 1509 4508 λυχιοωιι

283 4515 347 4597 nel
372 4527 522 4612 propter
544 4515 667 4591 lunone
692 4508 784 4587 sacta
809 4506 848 4586 in
866 4508 1020 4610 Templo
1041 4509 1226 4605 restituta,
1251 4511 1409 4595 1Macc.
1437 4511 1507 4681 ll]-

282 4652 289 4665 ·
451 4666 454 4672 .
563 4631 566 4634 ·
1278 4624 1491 4702 *sone

278 3268 332 3353 tis
346 3265 390 3341 ad
406 3263 576 3339 summum
591 3265 744 3362 gloriae,
769 3282 808 3337 et
826 3263 862 3339 se

279 4670 305 4715 ι,
