3575 5884
148 1046 151 1053 ·
281 1125 355 1217 5¹⁶
619 1100 768 1203 munta
789 1093 1095 1202 &clemen-V.
1121 1094 1164 1175 T.
1290 1066 1326 1121 ¹·

281 1290 529 1378 ministrando,
553 1306 591 1362 et
607 1307 688 1382 erga
704 1282 899 1379 populum,
920 1280 1073 1381 gellerit
1120 1279 1302 1373 Omavit,
1325 1285 1498 1380 munivit,
1518 1371 1522 1379 ⁵

283 1389 566 1494 splendidumque
590 1405 631 1454 ac
657 1377 849 1478 gloriosum
875 1378 1031 1454 reddidit
1056 1399 1225 1475 regnum,
1258 1380 1303 1451 ab
1323 1404 1407 1472 una,
1437 1382 1495 1458 sed

286 1485 468 1590 tyrannice
496 1478 658 1551 traslavit
685 1477 882 1572 populun,
907 1477 950 1549 ab
974 1475 1080 1547 altera
1102 1494 1223 1569 parte,
1255 1475 1358 1572 saepe
1382 1498 1493 1552 tamen

284 1610 351 1686 per
371 1580 538 1678 Judaeos,
564 1572 629 1670 ipsr
654 1573 881 1662 insultanter,
913 1570 957 1643 ad
981 1569 1018 1642 id
1040 1570 1245 1665 compulsus.
1268 1572 1361 1679 ‘I’et
1385 1594 1493 1649 totum

282 1700 448 1868 uun
470 1670 574 1839 tul
590 1670 718 1861 utu
738 1667 1149 1858 leuitatem}
1171 1667 1495 1777 ‘'llll“

282 1874 343 1948 bes
367 1888 404 1940 et
431 1886 546 1953 arces,
588 1860 677 1935 Vid.
702 1858 773 1954 Jos.
806 1861 844 1931 B.
871 1858 905 1952 J.
936 1856 958 1929 l.
985 1857 1013 1928 I.
1039 1880 1070 1963 e.
1100 1880 1158 1933 21.
1193 1857 1247 1931 uti
1275 1860 1494 1952 Caesarenm,

280 1983 362 2043 ante
388 1960 513 2035 turrim
540 1954 715 2031 Stratonis
740 1951 891 2041 distam,
925 1952 1132 2042 Samariam,
1158 1951 1329 2029 Sebasten
1351 1957 1494 2054 adpetu-

282 2083 373 2149 tam,
399 2054 644 2151 Antipatrida,
669 2051 814 2124 nomine
831 2047 942 2122 Patris
967 2046 1018 2120 sui
1041 2048 1260 2145 inssgnitam,
1288 2055 1439 2150 Cypron
1452 2055 1491 2127 de

282 2158 427 2235 nomine
446 2150 595 2240 Matris,
620 2171 708 2245 quae
733 2169 806 2218 non
833 2169 935 2238 metr
953 2144 1098 2241 Cyprit,
1121 2143 1181 2218 sed
1202 2172 1314 2242 meos
1337 2152 1496 2245 Cyprus,

281 2254 351 2331 suit
383 2248 573 2346 adpellata,
615 2241 834 2331 Phasaelem,
877 2252 923 2311 de
950 2239 1094 2313 nomine
1120 2241 1274 2330 Fratris,
1315 2246 1493 2343 pluresque

281 2353 381 2437 alias,
406 2343 458 2417 uti
477 2339 686 2427 llerodion,
712 2337 841 2439 duplex
868 2333 1098 2425 fortalitium,
1122 2359 1229 2409 unum
1254 2336 1351 2414 haud
1402 2342 1494 2417 rotul

279 2439 526 2533 Hierosolyma
550 2453 588 2508 et
611 2432 785 2521 Thekoa,
809 2431 956 2504 alterum
981 2450 1074 2504 trans
1097 2430 1311 2527 Jordanem,
1348 2365 1495 2513 Alexan·

253 2541 386 2627 ‚drion
409 2535 452 2606 ab
475 2530 676 2606 Alexandro
701 2529 856 2626 Jamraeo
879 2524 1082 2615 eonditum,
1124 2525 1206 2600 dein
1230 2527 1410 2621 dirutum,
1443 2534 1497 2609 sed

279 2641 324 2715 ab
347 2626 494 2708 Herode
527 2644 758 2713 renovatum,
799 2623 837 2696 in
862 2620 1026 2696 confiniis
1048 2622 1199 2719 Judaeae
1223 2643 1261 2696 et
1284 2628 1496 2724 Benjamiuit

279 2731 352 2830 Jos.
383 2729 470 2800 Ant
506 2725 594 2796 x111
627 2743 665 2794 et
689 2721 791 2794 XIV.
825 2719 892 2794 alia
919 2717 1036 2792 mitto.
1084 2720 1265 2793 Praetereo
1289 2722 1494 2825 Hierosoly·

277 2846 372 2901 marn
394 2816 548 2889 reddidit
564 2815 809 2888 omatissrnram
836 2834 875 2887 et
894 2813 1175 2903 munitiffimam,
1199 2838 1264 2911 per
1287 2840 1407 2895 arcem
1421 2814 1496 2897 ¹llu-

276 2917 434 3000 roniam,
461 2911 652 3007 Templum
677 2906 931 3007 Magnificum,
956 2909 1000 2984 de
1025 2935 1095 3007 quo
1118 2907 1257 3008 postea,
1281 2931 1322 2986 et
1349 2935 1419 2991 tres
1441 2919 1494 2993 lit·

276 3012 438 3093 millimas
462 3024 576 3078 turres
600 3006 703 3103 super
726 3029 829 3078 muro
855 3008 969 3093 urbis,
994 3005 1214 3103 Hippicum,
1240 3007 1443 3087 Phasaelum
1461 3034 1495 3090 et

277 3104 540 3187 Mariamnem:
575 3101 728 3198 denique
757 3103 925 3210 populum
948 3101 1094 3175 lirbinde
1118 3101 1329 3178 liberalitate
1351 3107 1409 3182 sua
1436 3109 1496 3185 fibi

277 3197 462 3282 devincire
489 3216 637 3272 conatus
663 3196 735 3286 est,
769 3217 822 3270 uu
846 3221 902 3271 ex.
929 3220 981 3293 gr.
1006 3216 1167 3292 tempore
1189 3197 1312 3293 samis,
1346 3202 1497 3300 indeque

280 3322 378 3380 ortae
404 3291 533 3393 pestis,
575 3316 654 3368 ann.
684 3314 699 3364 1
731 3297 776 3366 tio
801 3293 925 3389 regni,
967 3293 1135 3366 sumtibus
1158 3292 1224 3366 suis
1247 3318 1293 3369 ex
1317 3297 1496 3397 AEgypto

277 3390 470 3565 nepegaria
509 3388 604 3465 vitae
638 3317 784 3465 subsidia
815 3388 960 3489 largiter
989 3388 1269 3488 suppeditando,
1310 3393 1382 3493 Jos.
1408 3397 1494 3473 Ant.

276 3500 292 3575 ι
325 3588 356 3687 p.
383 3511 660 3658 DriPraecuris
687 3579 782 3656 hisce
807 3578 898 3672 suis,
925 3579 964 3654 in
987 3581 1116 3676 Regno
1140 3580 1435 3678 administrando,
1460 3607 1496 3664 et

279 3705 361 3763 ante
388 3679 471 3751 illud
499 3679 536 3752 in
564 3678 721 3753 savorem
743 3678 973 3773 Judaeorum,
998 3677 1122 3772 gestis,
1150 3698 1286 3754 tantum
1311 3681 1430 3775 abest,
1456 3706 1494 3758 ut

278 3784 440 3856 sat-orem
465 3799 513 3866 po
543 3773 591 3848 uli
617 3772 861 3871 acquisiverit,
885 3791 946 3846 aut
969 3773 1250 3866 conservaverit,
1274 3796 1316 3849 ut
1343 3802 1409 3873 per
1433 3780 1496 3864 alia

277 3873 438 3955 facinora
472 3798 544 3940 seli
572 3869 672 3943 valde
705 3866 918 3967 praestiterit
945 3869 1123 3957 odiosum,
1166 3894 1210 3944 eo
1237 3871 1345 3945 etiam
1373 3876 1494 3973 usque,

280 3996 321 4049 ut
340 3966 461 4042 multas
478 3967 794 4055 murmurationes,
820 3965 1005 4062 injuriosos
1022 3971 1208 4055 clamores,
1234 3965 1496 4063 infestationes,

280 4062 425 4145 subinde
460 4081 480 4129 a
512 4061 663 4133 tumultu
699 4085 821 4157 parum
856 4083 1029 4152 remotas,
1067 4061 1141 4157 pati
1172 4062 1359 4153 debuerit,
1398 4067 1498 4165 saepe

278 4163 387 4239 etiam
413 4158 542 4228 summa
562 4152 616 4223 uti
643 4157 854 4244 severitate,
887 4156 930 4230 ad
951 4160 1120 4253 populum
1146 4159 1397 4236 coercendum.
1443 4168 1499 4239 In·

280 4279 337 4334 ter
362 4252 425 4323 alin
452 4273 540 4323 vero
571 4248 676 4321 eoin
706 4251 829 4346 primis
854 4252 1052 4326 tribuerunt
1078 4253 1257 4348 sequentia
1289 4255 1364 4350 ejus
1388 4259 1497 4356 gesta.

283 4379 317 4433 1·
342 4344 594 4442 OppugnatiO,
619 4360 676 4433 et,
707 4367 874 4440 quantum
898 4365 1005 4443 pote,
1032 4347 1235 4445 exstirpatio
1261 4349 1385 4425 domus
1402 4356 1497 4431 llss'a·

278 4462 526 4529 monacorum,
552 4439 597 4514 us
613 4462 655 4511 ue
673 4437 715 4512 ad
734 4464 901 4531 uxorem,
928 4442 1002 4534 ejus
1019 4465 1187 4532 matrem,
1214 4466 1251 4519 et
1270 4464 1431 4544 patrem,
1455 4476 1494 4527 ac

276 4544 367 4625 duos
399 4534 511 4611 ulios:
553 4557 687 4636 quippe
710 4558 799 4637 quae
824 4533 864 4614 in
893 4535 1005 4613 oculis
1030 4556 1069 4615 et
1090 4537 1218 4619 enituit
1245 4542 1317 4623 suit
1345 4544 1497 4641 Judaeis.

1247 4670 1254 4677 ·
1347 4661 1385 4719 a.
1408 4645 1501 4724 cou-
