3575 5884
659 1136 817 1247 Paludis
837 1140 1001 1266 Septim&
1075 1152 1082 1243 ¹.
1376 1186 1452 1264 515
1593 1200 1596 1205 ·

218 1346 290 1432 fibi
317 1333 544 1439 desinebam,
572 1339 751 1446 inperiose
776 1346 882 1422 nimis
910 1345 1095 1439 trablas-it,
1130 1343 1313 1424 deridebat
1337 1345 1449 1430 etiam

219 1453 339 1553 palam
365 1449 440 1544 ejus
470 1464 618 1519 matrem
649 1465 686 1519 et
713 1446 891 1533 sororem,
934 1464 972 1518 et
1012 1444 1093 1519 isrs
1120 1445 1260 1541 generis
1292 1446 1446 1522 obscuri·

221 1566 337 1623 tatem
380 1542 635 1638 exprobrabat,
685 1541 774 1615 adeo
805 1559 846 1614 ut
884 1537 980 1613 inter
1008 1539 1183 1614 ‘oeminas
1221 1543 1294 1616 illas
1336 1543 1447 1619 fuerit

218 1637 441 1738 inexpiabile
479 1637 609 1714 odium.
669 1638 798 1712 Secuta
834 1657 921 1709 mox
953 1634 1005 1710 est
1044 1637 1170 1711 caedes
1183 1668 1188 1677 ·
1201 1639 1444 1734 Alexandrae',

222 1734 405 1835 suspeBae
439 1732 552 1809 saetae
581 1730 685 1839 regni
719 1729 908 1822 adfectati,
950 1731 1032 1805 dum
1067 1733 1233 1808 Herodes
1267 1735 1444 1812 Samariae

218 1832 477 1910 decumbebat:
512 1854 579 1904 nec
607 1832 668 1904 dru
689 1828 770 1927 post
794 1825 999 1918 Costobari,
1037 1827 1223 1903 Idumaeae
1248 1831 1443 1926 praefecti,

217 1951 261 2007 et
284 1927 402 2004 mariti
429 1928 603 2016 salomes,
628 1925 688 1998 sed
703 1928 747 2000 ab
766 1947 809 1999 ea
833 1923 984 2013 deserti,
1011 1922 1092 2020 quia
1108 1942 1233 1999 contra
1257 1949 1339 2002 eum
1357 1951 1443 2005 con·

223 2024 368 2125 spiraffe
383 2025 426 2098 ab
445 2023 516 2119 ipsa
535 2024 671 2097 salome
689 2021 931 2111 accusabatur,
956 2038 1165 2116 argumento
1181 2021 1297 2118 petito
1322 2048 1342 2098 a
1359 2049 1442 2122 pro-

220 2122 382 2197 teblione
407 2118 489 2194 filiis
504 2121 616 2192 Babae
640 2115 825 2212 praestita,
871 2115 908 2189 ui
928 2115 1150 2190 Aliamonaei
1171 2137 1290 2207 erant,
1316 2139 1353 2193 et
1371 2120 1443 2196 sese

221 2216 386 2307 Herodi,
413 2214 451 2288 in
477 2211 713 2312 oppugnanda
729 2139 998 2308 Hierosolyma,
1023 2210 1168 2286 fortiter
1192 2214 1441 2311 opposuerant.

217 2313 372 2413 Adjecit
419 2335 534 2409 uoque
561 2309 713 2384 filiorum
738 2309 849 2382 Babae
868 2329 1018 2398 necem,
1041 2306 1092 2381 ita
1116 2328 1176 2399 ut,
1202 2330 1350 2385 notante
1366 2312 1440 2407 Jot

217 2414 311 2492 Ant.
342 2411 377 2485 X
419 2432 428 2482 ε
455 2430 488 2502 7.
522 2404 611 2480 nihil
639 2402 705 2478 'am
736 2402 906 2501 reliquum
938 2403 1025 2479 esset
1048 2403 1093 2478 de
1119 2405 1280 2496 Hyrcani
1310 2428 1440 2503 cogna-

221 2508 336 2582 tione.
384 2428 699 2579 Eandem'tandem
721 2499 872 2589 sortem,
898 2521 966 2573 nec
981 2498 1130 2574 diliimili
1157 2501 1201 2575 de
1219 2501 1340 2594 causa,
1367 2501 1440 2577 duo

217 2606 297 2702 ejus
323 2623 369 2676 ex
395 2600 595 2675 Mariamne
627 2594 716 2685 filii,
756 2596 959 2671 Alexander
992 2615 1030 2669 et
1059 2595 1298 2689 Aristobulus,
1345 2596 1441 2677 circs

219 2702 331 2776 finem
355 2695 477 2794 regni,
499 2697 559 2769 vel
584 2716 664 2768 ann.
690 2691 766 2788 ejus
784 2707 885 2786 34to,
910 2689 1111 2783 subierunt,
1136 2710 1212 2766 arte
1236 2715 1378 2789 quoque
1395 2708 1438 2770 et

218 2791 398 2871 calumnia
413 2792 567 2865 Salomes
579 2785 606 2879 ,’
622 2787 764 2887 ejusque
790 2784 907 2861 fratris
925 2787 1119 2878 Pherorae,
1148 2811 1190 2861 ac
1207 2788 1270 2862 filii
1286 2788 1375 2864 Anti
1402 2806 1439 2867 a.-

217 2892 290 2979 tri,
325 2886 369 2960 ad
392 2907 538 2981 regnum
569 2882 784 2979 adspIrantis.
833 2886 923 2957 Cum
955 2882 1051 2960 enim
1080 2884 1211 2982 populo
1239 2884 1350 2960 essent
1366 2815 1438 2962 diro

219 2987 276 3060 illi
301 2982 426 3053 fratres
448 2980 488 3054 in
512 2976 667 3069 deliciis,
689 2980 776 3054 male
798 3002 936 3076 quoque
961 2979 1004 3051 de
1026 2981 1184 3069 Salome,
1210 2981 1350 3080 ejusque
1367 2983 1436 3060 fra·

216 3100 299 3167 tre,
323 3078 567 3171 loquerentur,
594 3073 690 3148 srmul
737 3076 868 3148 uerelas
893 3074 995 3171 super
1017 3074 1164 3172 injuria,
1192 3081 1295 3152 matri
1320 3079 1433 3174 faeta,

212 3172 463 3261 effunderent,
499 3167 653 3267 denique
678 3097 749 3244 [eie
773 3172 863 3243 male
889 3193 971 3266 erga
996 3172 1133 3245 Patrem
1159 3171 1228 3246 effe
1254 3174 1433 3267 adfectos,

213 3269 371 3348 maxime
396 3264 475 3363 post
496 3267 727 3366 Antipatrum
752 3264 790 3339 in
814 3266 923 3340 aulam
948 3267 1154 3359 addubtum,
1189 3288 1226 3343 et
1276 3272 1359 3345 atris
1383 3272 1434 3347 fa·

211 3391 306 3445 vore
361 3363 571 3451 audentem,
612 3361 757 3438 subinde
790 3363 964 3438 nonnullis
989 3365 1131 3438 indiciis
1163 3296 1432 3460 pateiicillent3

215 3463 309 3541 haud
334 3389 477 3534 difficile
511 3457 580 3534 suit
615 3482 677 3533 eos
708 3456 908 3533 insrdiarum
932 3459 1026 3534 Patri
1058 3458 1262 3532 strubiarum
1296 3460 1434 3557 snspec'·

215 3580 274 3635 tos
296 3556 470 3656 primum,
496 3555 579 3629 dein
605 3579 703 3647 reos,
730 3578 845 3651 agere.
893 3556 1104 3630 Liberarunt
1128 3554 1269 3650 quidem
1298 3555 1377 3632 sese·
1387 3559 1433 3636 ab

211 3657 283 3737 lrac
307 3649 528 3728 accusatione
545 3652 682 3726 Romae
707 3675 824 3726 coram
849 3653 1012 3741 Caesare,
1038 3650 1079 3723 ad
1097 3674 1200 3746 quenr
1225 3674 1287 3724 eos
1312 3653 1431 3733 secum

208 3753 361 3826 duxerat
391 3747 573 3836 Herodes,
610 3766 648 3820 et
673 3747 768 3822 Patri
794 3747 1014 3822 reconciliati
1048 3745 1146 3837 sunt,
1177 3747 1238 3839 sed
1261 3750 1431 3852 deinceps

208 3847 331 3922 denuo
364 3843 529 3918 incitatus
554 3843 718 3919 Herodes
749 3870 769 3918 a
796 3845 933 3918 Salome
962 3863 999 3918 et
1031 3843 1204 3933 Pherora,
1238 3850 1429 3925 accusatio·

209 3966 258 4018 ne
291 3960 416 4038 vetere
449 3957 636 4032 renovata,
682 3958 719 4013 et
754 3938 963 4037 speciosrore
994 3937 1101 4029 salla,
1145 3941 1283 4019 firmum
1315 3946 1433 4023 sumsit

212 4064 275 4113 eos
309 4061 330 4110 e
365 4034 483 4109 medio
515 4034 658 4109 tollendi
691 4037 922 4132 proposrtum.
978 4038 1158 4131 Inpetrata
1192 4043 1234 4114 ab
1268 4042 1430 4135 Augusto

211 4133 319 4209 venia
342 4131 424 4205 filiis
456 4130 632 4205 altionem
660 4131 864 4206 instituendi
893 4133 1038 4232 Beryti,
1072 4156 1190 4232 coram
1217 4134 1429 4232 praesidibus

210 4231 355 4328 Syriae,
385 4246 422 4300 et
439 4228 581 4301 aliarum
606 4226 802 4303 vicinarum
829 4229 1115 4327 provinciarum,
1141 4253 1180 4305 ut
1205 4231 1316 4323 major
1341 4236 1429 4311 effet

209 4325 366 4423 justitiae
402 4321 559 4420 speeies,
600 4339 699 4395 tanto
726 4350 807 4400 cum
834 4326 953 4400 furore
978 4327 1011 4400 id
1039 4326 1146 4414 fecit,
1188 4343 1228 4396 ut
1257 4329 1425 4405 condem·

213 4419 290 4589 narsi
312 4418 448 4592 {temnit
473 4418 715 4590 {dvrportem
748 4448 849 4522 quam
881 4422 986 4499 etiam
1012 4423 1195 4497 Cesaraeae
1226 4419 1429 4517 subierunt,

240 4540 287 4592 o.
347 4535 398 4591 nt.
439 4573 447 4590 .
533 4531 575 4591 “.
1374 4584 1381 4595 .

215 4517 292 4712 Is.
315 4612 361 4695 1),
396 4611 562 4712 Superest
590 4636 769 4705 enarrem,
814 4641 880 4708 qua
905 4615 1041 4690 ratione
1067 4607 1136 4685 sese
1163 4609 1202 4684 in
1236 4634 1346 4718 regno
1368 4614 1429 4687 ad·

769 4710 903 4786 Ttta
1232 4705 1431 4795 ministram.

1532 4830 1565 5028 l
