3575 5884
384 1101 459 1193 ⁵3⁸
654 1214 657 1219 Ι
720 1080 868 1186 Wstott'a
889 1082 1189 1187 Ecclestastictrp.
1217 1078 1264 1166 T.

384 1270 553 1357 nehasum
569 1264 753 1357 oriundus,
765 1267 869 1375 'Ofilius
887 1267 1025 1365 Serajae
1040 1267 1225 1343 Pontificis
1239 1266 1320 1344 Ezt.
1341 1265 1440 1363 Vll,
1460 1287 1498 1359 ut
1511 1288 1579 1351 ntus
1626 1328 1630 1351 .

384 1377 433 1452 do
457 1362 807 1474 habuimuspofficro
830 1387 918 1438 vero
943 1365 1081 1457 Scriba,
1107 1367 1205 1463 cujus
1230 1388 1337 1465 opera
1362 1362 1402 1441 in
1427 1364 1517 1449 libris
1536 1364 1579 1441 la·

386 1470 457 1550 cris
475 1460 712 1552 recensenda,
738 1480 777 1535 et
786 1460 1062 1556 interpretandis
1078 1461 1147 1537 fuit
1166 1460 1320 1549 versata3
1347 1464 1452 1557 quani
1466 1462 1582 1539 summa

434 1561 515 1640 ritia
541 1577 579 1632 et
603 1557 788 1656 diligentia
816 1557 999 1654 explevit3
1024 1582 1128 1655 quare
1153 1558 1265 1633 scriba
1288 1558 1390 1633 ἾἩἹῠ
1414 1560 1496 1635 Ezr.
1518 1552 1581 1635 Vll
1631 1546 1632 1560 ¹

296 1722 304 1737 .
385 1592 458 1742 gire
473 1659 599 1749 solerp,
618 1652 843 1751 ingeniosus,
863 1654 951 1727 etad
966 1653 1084 1729 omnia
1097 1674 1277 1750 promtus,
1293 1654 1370 1729 acie
1387 1668 1582 1754 penetrante

408 1755 581 1841 raeditus,
606 1775 628 1825 a
650 1751 722 1826 rad.
747 1752 835 1826 'lm
863 1749 1007 1848 proprie
1036 1768 1152 1824 acutus
1166 1750 1262 1846 fuit,
1286 1750 1330 1824 de
1356 1775 1428 1849 quo
1453 1746 1585 1827 dixiad

380 1786 433 1933 gs.
460 1849 601 1939 XLV„
634 1847 842 1944 adpellatur,
876 1843 1036 1919 concinit
1057 1844 1211 1942 elogium
1238 1848 1380 1923 Scribae
1404 1848 1499 1927 ’ml
1522 1869 1585 1946 per·
1631 1916 1632 1927 ,

371 1953 480 2052 felli,
523 1944 774 2035 consummati,
808 1942 866 2039 qui
889 1944 945 2037 jus
968 1946 1129 2017 decidendi
1153 1940 1260 2016 habet
1291 1940 1480 2053 (primaria
1502 1941 1585 2019 enim

382 2043 536 2150 potestas
555 2041 606 2116 est
624 2041 662 2115 in
672 2039 834 2137 stelione,
853 2034 1086 2136 praesedione)
1111 2063 1180 2135 quo
1198 2039 1237 2113 in
1253 2038 1372 2113 edidio
1391 2040 1589 2118 Artaxerxis

382 2164 530 2222 ornatur
553 2141 634 2215 Ezr.
660 2139 747 2214 Vll:
776 2160 832 2212 12.
858 2154 896 2208 et
920 2160 964 2208 eo
993 2134 1136 2211 nomine
1169 2134 1264 2233 Regi
1287 2160 1328 2210 ac
1350 2139 1489 2234 populo
1508 2136 1586 2211 lurn-

383 2234 822 2436 ltirgllllzsfflnllf'
835 2238 976 2435 ialal
995 2229 1329 2432 Pllfilllnllssqll
1349 2252 1593 2405 ἓὲἓᾚὲἑ

384 2433 497 2516 fuerit
520 2425 696 2514 versatus,
738 2423 867 2520 quidve
890 2445 929 2495 tn
951 2421 1136 2497 commoda
1168 2423 1335 2498 reducum
1358 2425 1592 2525 praestiterit,

384 2558 469 2613 mox
492 2527 552 2601 suo
580 2524 660 2597 loco
688 2521 844 2594 narrabo.
893 2515 968 2591 Hic
998 2536 1132 2592 tantum
1164 2520 1333 2612 observo,
1374 2522 1472 2619 quod
1495 2519 1594 2598 dietis

384 2625 584 2710 addendum
603 2617 675 2708 est,
708 2617 833 2692 Ezram
861 2610 965 2688 titulo
989 2616 1111 2711 Legati
1137 2615 1210 2688 Dei
1233 2615 1277 2689 ad
1304 2617 1476 2714 populum
1498 2616 1594 2695 tuille

382 2722 608 2826 infignitum,
633 2735 760 2824 etnpro
780 2730 902 2787 autore
926 2710 1031 2804 libri,
1055 2705 1275 2821 quittitulum
1294 2716 1512 2813 Malachiae,
1535 2714 1591 2788 seu

379 2827 486 2920 legati
503 2820 590 2902 Dei,
613 2829 726 2908 gent,
752 2833 798 2917 err
813 2807 1024 2904 Judaeorum
1046 2804 1236 2882 traditrone
1261 2827 1298 2882 et
1320 2832 1398 2885 mea
1426 2809 1590 2909 opinione·

380 2912 601 2998 habendum,
637 2925 675 2979 et
698 2906 851 3002 elogium
886 2925 918 2975 c.
945 2906 995 2978 11:
1018 2926 1129 2998 5-7.
1161 2903 1424 3002 adplicandum,
1456 2906 1501 2983 de
1526 2929 1594 3006 quo

381 3009 521 3094 differui
546 3007 583 3080 in
607 3026 736 3076 comm.
762 3000 805 3074 ad
829 2999 982 3074 Malach.
1009 2999 1046 3072 in
1072 3002 1210 3099 Prolog.
1235 3020 1272 3075 et
1298 3000 1341 3076 ad
1367 3025 1401 3078 c.
1426 3004 1475 3080 Il:
1501 3027 1536 3098 5.

450 3168 458 3185 .
485 3100 685 3178 CCCXLll.
711 3099 854 3169 Praeter
868 3094 934 3167 hos
951 3093 1098 3167 illustres
1123 3121 1238 3171 rerum
1262 3096 1510 3175 instauratores
1523 3123 1593 3175 me·

381 3198 541 3289 morandi
559 3197 637 3268 sunt
653 3193 723 3266 duo
739 3190 959 3295 Prophetae,
984 3191 1206 3284 HAGGAI,
1232 3212 1269 3266 et
1287 3194 1589 3287 ZACHARIAS,

379 3285 1594 3478 '³¹¹³iliplfflaplldllllllsffi‘dlluealxliaffllpllolrddi(

378 3431 451 3582 fund!
475 3450 701 3571 reformandis
716 3435 974 3585 incubueruntf,
1000 3477 1151 3577 denique
1176 3482 1248 3554 fata
1272 3443 1397 3592 populi
1422 3416 1527 3583 usquud
1549 3482 1589 3558 ad

376 3605 489 3681 finem
514 3584 620 3678 Reip.
645 3574 811 3675 Judatcae
836 3571 1085 3668 praedixerunt
1097 3601 1110 3650 :z
1140 3601 1287 3674 quorum
1311 3580 1393 3655 lrbri
1418 3582 1457 3655 in
1482 3586 1588 3658 Cano·

379 3721 426 3776 ne
454 3692 489 3766 su
515 3679 651 3766 ersunt,
695 3689 732 3745 et
759 3667 916 3766 cxpreffa
940 3669 983 3740 fit
1004 3672 1140 3762 mentio
1164 3675 1241 3748 Ezr.
1269 3675 1313 3750 V
1334 3695 1372 3750 et
1397 3678 1465 3754 Vl.
1511 3676 1588 3750 Alia

378 3798 425 3873 de
451 3712 528 3886 ipds
566 3794 638 3848 non
666 3765 840 3878 constant,
889 3763 995 3935 Ἓοά
1025 3789 1113 3841 vero
1139 3769 1282 3866 Haggai
1316 3771 1458 3847 titultun
1489 3776 1589 3868 legata·

382 3892 446 3974 Dei
476 3873 657 3958 censeatur
693 3863 870 3954 haburlle,
950 3861 994 3935 ud
1025 3888 1070 3938 ex
1103 3865 1270 3962 perversu
1304 3867 1590 3944 intelletum,

381 3996 414 4072 l:
442 4008 495 4083 13.
527 3966 701 4076 originetn
724 3961 828 4037 unice
853 3959 1004 4072 repetit,
1041 3985 1108 4073 nec
1132 3960 1248 4037 verius
1272 3960 1343 4052 est,
1386 3965 1479 4062 quod
1504 3892 1586 4055 inde

384 4103 499 4171 ‘onum
527 4067 614 4154 fuit,
654 4065 782 4136 librum
803 4057 1003 4135 Malachiae
1027 4083 1081 4147 er,
1122 4078 1283 4157 tanquam
1317 4061 1454 4152 autori,
1483 4058 1588 4135 adut»

382 4180 556 4273 bucndum
585 4160 673 4238 effe:
716 4158 760 4229 de
794 4180 863 4253 quo
898 4155 963 4326 epi
990 4153 1028 4226 in
1052 4157 1249 4263 i'rolegom.
1283 4155 1335 4264 ad.
1369 4158 1459 4230 Mal.
1519 4157 1589 4232 An·

430 4290 480 4364 lus
505 4268 596 4351 enirn
621 4254 776 4358 Jehovae
809 4251 859 4325 est
882 4252 923 4322 Fr
938 4276 964 4324 n
991 4248 1063 4324 Der
1092 4254 1255 4347 proprius
1279 4251 1418 4342 titulus,
1460 4276 1529 4327 nec
1556 4254 1592 4326 in·

390 4379 593 4474 hominem,
630 4354 678 4433 ita
705 4349 859 4456 absolute
888 4347 1051 4454 positus,
1096 4351 1266 4443 quadrat,
1307 4371 1379 4421 nec
1409 4348 1494 4445 quid
1528 4348 1591 4426 libi

513 4452 718 4563 'adplicitus
741 4444 801 4518 htc
827 4445 934 4530 velit,
960 4460 1152 4540 aunquare
1179 4444 1344 4535 addatur,
1369 4449 1403 4517 in
1425 4447 1594 4541 legatione

392 4568 536 4705 54⁹⁰
557 4566 600 4649 al
618 4550 788 4664 ppulo,
807 4536 985 4643 expuutu
1005 4538 1064 4622 est
1082 4539 1203 4632 facite,¹
1245 4543 1371 4621 sermo
1394 4538 1597 4723 tuque&⁵
