3575 5884
279 1114 354 1211 ,474
626 1091 771 1205 rustam
793 1088 1092 1203 narramur.
1122 1087 1164 1165 r.
1204 1050 1215 1079 '

284 1268 388 1351 nibus
404 1271 536 1353 bestiae
640 1289 694 1347 tae
713 1271 884 1363 totidem,
905 1274 1165 1372 inplementum
1180 1264 1507 1360 demonstrandus,

284 1367 433 1464 ascopo
461 1389 499 1444 et
516 1362 566 1442 inl
585 1369 678 1441 ituro
706 1366 828 1443 nostro
854 1393 929 1448 non
952 1372 1061 1447 fuerit
1083 1371 1235 1445 alienum
1251 1365 1376 1468 paucis
1396 1388 1440 1440 ex
1465 1388 1506 1462 o·

287 1463 399 1540 suille.
443 1468 714 1553 Macedonicum,
740 1484 780 1539 ut
798 1465 908 1559 inde,
934 1467 1059 1542 ordine
1075 1463 1247 1563 temporis
1264 1462 1376 1570 eriam
1392 1389 1506 1535 obier-

179 1616 188 1625 -
288 1580 396 1648 vato,
436 1560 573 1648 ordiar,
614 1556 800 1670 postquam
831 1565 871 1637 ln
910 1561 1041 1641 familia
1073 1560 1255 1638 Demetrii
1286 1559 1509 1635 Pohorcetae

285 1654 502 1752 aliquandiu,
543 1675 582 1731 et
617 1679 657 1733 rn
688 1655 889 1755 universum
923 1666 994 1755 156
1024 1681 1104 1733 ann
1136 1653 1306 1744 sterillet,
1350 1651 1505 1728 concidit

286 1750 424 1919 ωᾶᾀςηι
450 1751 511 1825 sub
526 1750 684 1921 Il’ersglo,
708 1751 919 1861 aRomanis
939 1758 1006 1856 per
1026 1750 1231 1922 {pistrillum
1259 1750 1405 1827 Paulum
1432 1747 1507 1823 sub·

283 1868 531 2051 {dadila
556 1849 1016 2052 llatddalllrlfd
1053 1842 1279 2018 dialis.
1296 1867 1414 2050 llll?
1442 1866 1508 2012 ln

285 2037 487 2135 aliquandiu
511 2036 608 2134 post,
643 2037 741 2115 vitto
766 1969 1104 2148 Pluuio-Philippo,
1140 2037 1177 2111 in
1200 2033 1504 2142 provinciae-for·

285 2158 379 2211 mam
404 2134 605 2224 redactum,
630 2154 669 2208 ut
693 2136 891 2212 aGronou.
918 2133 961 2211 ad
982 2137 1064 2211 Lrv.
1090 2135 1112 2209 l
1138 2134 1259 2211 XLV.
1283 2150 1323 2207 et
1344 2132 1508 2207 Perizon.

169 2299 173 2305 .
285 2230 393 2313 anim.
422 2229 515 2307 Hist.
541 2252 572 2305 c.
598 2253 633 2319 9.
651 2231 728 2340 jam
753 2232 805 2308 est
823 2231 1054 2307 observatum.
1102 2231 1269 2305 Ceterum
1294 2227 1343 2302 de
1361 2226 1510 2315 Perseo,

285 2336 326 2403 'et
349 2325 451 2433 regni
470 2324 930 2417 Macedonici-eversione,
958 2325 1032 2401 uid.
1062 2326 1150 2400 Plut.
1175 2323 1214 2399 in
1238 2320 1413 2402 AEmilio
1423 2323 1509 2396 Pau·

284 2422 342 2513 lo,
368 2422 447 2497 Lm.
472 2422 495 2499 l.
521 2421 616 2495 XLI.
640 2438 678 2493 et
701 2420 791 2516 Just.
816 2422 987 2499 XXXIII.
1013 2422 1104 2496 Flor.
1130 2422 1152 2497 l
1178 2422 1224 2497 II.
1271 2416 1508 2506 Diuturnius,

165 2517 168 2523 ’
285 2519 384 2597 simul
408 2519 589 2618 potentius,
614 2513 696 2614 post
712 2514 969 2606 Alexandrum,
993 2519 1171 2615 inperium,
1195 2515 1388 2591 secundum
1413 2515 1510 2610 App.

284 2616 324 2691 in
341 2613 413 2692 civ.
430 2613 531 2705 bell,
555 2633 593 2689 re
620 2635 703 2688 num
720 2613 995 2711 Aligppriarum,
1018 2612 1217 2709 primorum
1233 2611 1347 2685 trium
1362 2633 1510 2707 regum,

282 2710 396 2878 Lupi,
421 2636 638 2816 Philadelpii
655 2727 692 2782 et
709 2708 917 2816 Euergetis,
941 2707 1177 2804 temporibus,
1203 2706 1501 2812 floreurillimum,

309 2826 331 2874 o
364 2827 426 2893 ea,
451 2804 707 2901 delrdra„luru
730 2823 768 2877 et
785 2804 979 2893 discordia,
1002 2803 1098 2879 varie
1122 2801 1327 2881 concuffunr
1348 2822 1388 2877 et
1413 2801 1508 2876 debr·

282 2830 442 2984 iliarum,
470 2895 545 2991 ¹sele
572 2904 616 2969 ue'
640 2895 883 2975 Romanorum
907 2898 1113 2996 patrocinio
1132 2897 1209 2972 fere
1234 2897 1428 2986 sustinens,
1468 2914 1503 2969 et

282 2999 325 3069 ab
349 2990 417 3065 illis
433 2919 665 3103 dependens,
689 2990 770 3094 P0st.
785 2994 898 3072 uarias
921 3019 1047 3092 regum
1060 2994 1128 3069 hac
1144 2991 1297 3101 periodo
1323 2993 1503 3069 succeffio·

281 3085 880 3187 pes,ut1Physcorrrs,Iarhuri‚
908 3088 1121 3180 Alexandri,
1154 3090 1313 3177 Auletrs,
1342 3086 1505 3186 Diony-lii

282 3205 320 3281 et
348 3184 576 3279 Cleopatrae,
602 3184 692 3259 nulla
719 3208 758 3257 re
782 3204 841 3261 aut
865 3183 1001 3260 virtute
1030 3187 1301 3274 excellentium,
1322 3210 1343 3259 a
1362 3187 1502 3259 Caesare

280 3300 398 3357 totum
423 3297 655 3374 occupatum,
688 3303 757 3355 nec
783 3301 900 3357 tamen
933 3280 1063 3356 ditioni
1090 3283 1296 3370 Romanae,
1339 3283 1387 3354 ob
1409 3303 1504 3354 amo-

281 3404 358 3459 rem
388 3377 473 3451 Cleo
520 3393 615 3465 trae,
655 3373 887 3471 adscriptum,
927 3377 1068 3451 tandem
1097 3377 1288 3474 pleniffime
1324 3376 1498 3450 sabacium

282 3476 335 3565 est
360 3477 402 3551 ab
426 3399 598 3558 otiivio,
620 3489 660 3546 et
687 3469 725 3581 in
750 3471 959 3568 provinciae
979 3472 1129 3547 formam
1152 3471 1430 3580 redadtumann.
1458 3494 1506 3565 3οΥ

280 3589 363 3651 ante
388 3591 461 3642 aer.
488 3567 597 3661 Vulg.
623 3565 749 3643 christ.
771 3590 856 3645 cunr
883 3568 1032 3644 durallet
1059 3594 1138 3642 ann.
1166 3578 1250 3659 29'4.
1296 3567 1391 3644 Vrd.
1412 3567 1503 3643 Plut.

279 3662 319 3747 in
347 3660 531 3750 Antonio,
558 3660 659 3737 Dion
685 3662 769 3742 Cass'.
796 3667 817 3739 l.
840 3667 892 3742 Il.
918 3665 1029 3738 Strab.
1055 3665 1076 3739 l.
1106 3665 1229 3739 XVII.
1495 3738 1497 3740 ,

323 3758 656 3929 ἓΟΟΟΟΕΧνΠ.
691 3761 788 3836 Ponti
815 3784 983 3858 regnum,
1009 3759 1089 3854 post
1114 3758 1246 3857 aliquot
1264 3759 1410 3856 Regum
1429 3756 1504 3830 sue·

270 3866 322 3937 e'e
352 3873 475 3939 lones,
517 3853 676 3929 concidit
703 3858 844 3933 tandem
870 3857 909 3932 in
936 3855 1177 3945 Mithridate,
1218 3881 1237 3928 a
1263 3857 1368 3928 rebus
1400 3852 1504 3953 gestis

279 3955 418 4050 Magno
443 3944 665 4054 dicio-aqui,
704 3951 781 4047 post
802 3953 987 4048 praeclara
1012 3951 1106 4052 gesta
1131 3952 1168 4024 in
1193 3949 1289 4024 bellis
1314 3973 1396 4024 cum
1419 3952 1499 4045 Scy·

280 4049 372 4138 this,
398 4065 482 4139 quos
506 4062 619 4131 vlcrt,
647 4044 732 4118 dein
756 4071 837 4123 cum
859 4049 1140 4148 Paphlagonibus
1158 4067 1195 4120 et
1212 4045 1503 4141 Cappadocibus,

279 4157 366 4257 pods
393 4138 456 4250 libi
490 4135 657 4246 subjecit,
702 4142 842 4218 tandem
872 4164 1062 4241 propterea
1097 4144 1187 4254 bello
1223 4166 1305 4215 cum·
1332 4139 1504 4215 Romanis

275 4229 1501 4441 llllllfr,lllllljjlrll,lflldsftflddlll0lzlll1

275 4450 377 4529 quam
403 4426 463 4497 sabr
482 4427 555 4525 ipse
581 4426 778 4516 conscrvrt,
805 4451 953 4524 regnum
978 4431 1079 4507 ruina
1106 4433 1163 4505 sua
1180 4431 1344 4504 involvit.
1398 4432 1496 4503 Mor·

275 4537 338 4608 1210
356 4520 453 4603 enim
473 4522 686 4607 Mithridate
706 4527 823 4609 cunila
838 4528 954 4626 inperii
970 4532 1063 4628 ejus,
1075 4531 1194 4628 paucis
1215 4531 1386 4628 receptis,
1413 4549 1498 4719 erest»
