3575 5884
546 1190 565 1197 ’“
639 1184 796 1269 Potitius
810 1174 960 1297 Quinta.
1059 1208 1065 1254 ἰ
1347 1212 1422 1294 ,ιςι

197 1366 362 1481 exemplo
387 1368 662 1481 esprobaretui,
687 1362 726 1446 et
742 1368 808 1446 nisi
830 1366 1093 1482 resipiscerent,
1118 1386 1246 1486 gentes
1268 1370 1334 1488 illis
1350 1374 1422 1457 esst

196 1469 391 1657 {biba
407 1465 1423 1663 pgsigegigpgggbpgga,appppregg

200 1657 307 1733 ctiam
328 1676 374 1733 ut
401 1658 441 1733 bi
478 1659 546 1735 “s
575 1659 643 1734 sitit
668 1657 900 1756 subjiciendi,
940 1657 1057 1733 manif
1187 1662 1304 1739 fieret.
1353 1666 1421 1737 Ce-

204 1753 287 1829 dere
310 1754 434 1853 itaque
454 1753 546 1830 haec
567 1754 698 1854 legatio
714 1754 880 1831 Israelitis
903 1752 942 1828 in
967 1752 1220 1852 opprobrium,
1245 1777 1284 1834 et
1308 1759 1422 1857 pudo·

203 1870 294 1941 reni,
319 1848 475 1948 lipote,
500 1849 662 1927 incutere
674 1849 849 1945 debebat,
872 1848 994 1926 saltem
1017 1852 1258 1947 convincere,
1282 1856 1319 1930 se
1338 1856 1422 1952 jure

204 1943 423 2023 meritissimo
443 1968 466 2021 a
481 1946 563 2021 Deo
576 1942 767 2056 repudiari.
817 1946 929 2056 Quale
945 1946 1081 2044 signum
1096 1945 1263 2116 inlona,
1287 1950 1330 2025 ad
1347 1953 1420 2028 Ni·

205 2043 334 2119 uivitas
347 2040 471 2132 miss'o,
497 2040 654 2119 Chrillus
667 2059 791 2139 utique
804 2041 946 2118 detexit
962 2044 1071 2117 Matt.
1089 2044 1141 2116 XI
1161 2100 1171 2119 .
1189 2043 1263 2141 ipse
1302 2072 1324 2120 u
1373 2068 1421 2124 tie

206 2138 306 2238 Jonas
327 2136 650 2247 vidisse-videtin,
688 2155 801 2248 tit-ex
825 2135 911 2235 suga
933 2136 1018 2248 ,ejus
1041 2136 1161 2248 colligi
1237 2068 1314 2217 tea.
1325 2072 1419 2221 0331
1483 2210 1488 2219 .

207 2234 325 2502 ἴω
333 2232 466 2405 elffii*
465 2251 587 2343 inepte
613 2233 747 2332 conjici
773 2230 880 2341 polle
906 2235 1069 2322 videtur,
1109 2257 1159 2308 mi
1200 2257 1306 2309 onem
1329 2235 1422 2313 hane

224 2352 311 2407 onae
515 2352 576 2421 os,

597 2326 681 2445 post
702 2326 903 2403 restitutum
926 2330 1092 2426 Regnum
1117 2330 1178 2404 sub
1204 2331 1422 2426 Jeroboamo

244 2484 258 2519 ,
291 2424 416 2537 sersus
490 2446 668 2596 emsfus,
700 2422 909 2593 οοιιιιὲιὶίῐε,
949 2447 1055 2520 quum
1080 2425 1199 2501 omnia
1222 2448 1290 2502 coe
1338 2444 1422 2539 runt

207 2522 348 2633 collabi,
377 2520 549 2637 etadto
596 2544 654 2596 ein
676 2518 798 2628 destru⁸
843 2542 949 2628 onem
976 2518 1131 2630 speclaie
1147 2544 1213 2620 per
1235 2525 1421 2636 lysios,

281 2616 353 2691 sese
372 2640 448 2714 pain
468 2638 543 2715 pam
566 2618 670 2693 rebus
685 2614 915 2691 Israelitarum
932 2615 1169 2691 inmiscerent.
1218 2617 1312 2727 Qui,
1339 2644 1421 2696 cum

205 2709 322 2811 pidicii
339 2709 472 2787 Divini
494 2710 534 2786 iii
558 2710 726 2789 Israelitas
748 2708 870 2785 forent
892 2710 1139 2803 exsecutores,
1164 2731 1247 2788 aute
1270 2717 1313 2789 ad
1337 2716 1421 2790 resi·

208 2807 432 2906 piscentiam,
449 2808 614 2883 Israelitis
629 2805 907 2903 inexemplum,
932 2805 1152 2897 invitantur,
1168 2807 1270 2883 valde
1286 2829 1421 2910 oppor-

208 2925 312 2995 tune,
341 2923 385 2978 ιιι
403 2906 447 2978 ab
469 2903 667 2979 inminente
690 2898 927 2976 destructione
961 2903 1174 2993 liberentur,
1208 2928 1296 3001 quae
1319 2930 1421 3005 prae·

208 2998 324 3075 veniri
345 2996 513 3091 debebat,
547 2999 740 3076 fidivinae
768 2994 947 3074 vindictae
970 2999 1009 3073 in
1034 2997 1194 3074 lsraelem
1219 3001 1339 3077 forent
1363 3003 1421 3079 in·

205 3090 413 3295 stffimgffi
446 3190 574 3288 Jonas,
595 3206 636 3264 ut
659 3187 731 3263 sese
755 3189 799 3263 ab
823 3187 891 3264 hac
917 3188 1116 3285 legatione,
1149 3216 1237 3292 quae
1262 3190 1326 3291 ipsi
1352 3191 1422 3268 dis·

201 3290 373 3389 plicebat,
396 3284 583 3376 liberaret,
606 3282 824 3384 propositum
847 3282 964 3359 sumsit
980 3286 1171 3383 affligite&
1194 3315 1340 3364 acorum
1355 3288 1424 3382 fa·

202 3391 243 3465 cie
265 3386 360 3475 Dei,
383 3406 416 3461 c.
442 3383 473 3457 1:
501 3406 534 3479 3.
560 3405 632 3457 non
656 3380 886 3478 apraesentia
912 3380 1005 3477 ejus,
1031 3384 1163 3495 quippe
1210 3407 1290 3457 uam
1306 3386 1420 3476 probe

203 3498 366 3589 torserat⁶
382 3477 514 3575 ubique
545 3477 615 3552 else
644 3479 825 3593 locorum,
866 3476 926 3551 sed
958 3480 1001 3553 ab
1035 3481 1156 3554 officio
1186 3408 1423 3586 {eumunere

174 3570 1188 3766 .uita2iiiiriiii,aititur
1213 3569 1423 3766 ξιιιι

201 3768 332 3845 dicitur
349 3781 438 3859 rm
459 3794 482 3841 a
494 3765 614 3863 facie,
645 3763 708 3838 sed
727 3745 841 3858 tjnbo
862 3792 883 3838 a
901 3790 1029 3852 coram,
1054 3783 1094 3839 ut
1118 3763 1214 3839 recle
1230 3768 1423 3842 Mercerus

202 3863 365 3952 notavit,
396 3862 490 3960 quod
514 3860 703 3935 Chaldaeus
726 3882 808 3957 apte
832 3858 1018 3956 expressit,
1052 3882 1215 3953 vertens,
1241 3887 1281 3937 ne
1305 3868 1338 3937 in
1365 3888 1421 3937 tio·

201 3968 282 4038 nine
298 3960 442 4036 Domini·
452 3959 669 4056 prophetaret.
718 3957 787 4030 Sed
835 3979 917 4029 uare
943 3955 980 4027 in
1023 3958 1200 4055 eregrinas
1216 3974 1352 4046 terras,
1379 3977 1422 4031 ut

202 4062 313 4134 abeo
338 4076 484 4127 munere
509 4054 544 4129 se
568 4076 612 4126 ex
639 4050 773 4141 ediret,
812 3980 887 4124 dese
913 4074 1075 4125 concire
1102 4052 1238 4140 voluit,
1279 4077 1360 4126 cum
1385 4052 1422 4128 ei

202 4154 274 4228 ini
302 4153 337 4227 sa
362 4170 455 4224 terra
480 4149 668 4223 Israelitica
692 4143 860 4244 potuisset
884 4147 1121 4223 renunciare?
1146 4149 1256 4222 Ratio
1281 4148 1423 4244 fugien-

204 4248 403 4324 dividetur
426 4244 530 4355 luisse
552 4266 623 4317 non
649 4262 806 4354 tantum,
832 4245 946 4355 quod,
971 4268 1117 4320 munere
1141 4246 1220 4351 hoc.
1236 4244 1421 4339 deposito,

200 4337 845 4538 lslslsslbalsilslilla
859 4363 1078 4548 illisit
1091 4339 1435 4534 &sesilliis

200 4560 246 4611 eo
268 4536 377 4611 modo
402 4555 531 4644 munus
554 4531 677 4627 sponte
700 4530 829 4644 cessare
853 4536 1055 4623 videretur,
1090 4557 1181 4638 curii,
1214 4533 1307 4641 quofl
1332 4534 1424 4607 nulla

200 4632 277 4711 aiiii
297 4632 336 4712 'tu
354 4634 449 4711 locis
473 4628 568 4707 soret
592 4628 824 4800 prophetansdi
847 4631 1046 4721 necessitas,
1081 4644 1214 4726 quippe
1235 4629 1297 4704 ubi
1320 4629 1424 4802 Dseusa

615 4764 619 4770 ·
824 4746 852 4816 4
1367 4748 1426 4801 Ν
1572 4816 1574 4820 .
