3575 5884
695 1089 886 1166 :amns
913 1090 1051 1169 oraru
1149 1136 1151 1141 -
1430 1064 1502 1187 rra.

281 1268 423 1364 pnux
441 1265 588 1364 inopina
612 1265 705 1345 circa
722 1222 938 1366 Templum,
964 1291 1002 1345 et
1017 1273 1146 1361 altare,
1175 1268 1269 1346 fulsit
1294 1270 1382 1344 hora
1407 1284 1500 1344 nona¹

279 1364 475 1453 noClurna,
507 1387 571 1457 per
595 1365 702 1440 horae
727 1365 891 1441 dimidiae
917 1368 1085 1463 spatium,
1126 1366 1192 1440 acsr
1219 1367 1294 1440 dies
1320 1364 1426 1454 effer,
1460 1381 1499 1437 et

278 1460 491 1555 stellasupra
509 1463 652 1552 urbem,
678 1460 782 1536 instar
799 1463 903 1559 gladii
922 1463 1139 1536 minitantis:
1164 1464 1229 1536 alia
1245 1462 1363 1536 mitto.
1409 1462 1498 1532 Fue·

278 1557 402 1631 sintne
427 1559 515 1628 hacc
539 1581 640 1645 vera,
683 1579 727 1632 an
762 1558 867 1647 ficta,
911 1583 956 1632 ex
981 1558 1235 1655 imaginatione
1261 1557 1396 1643 delusa,
1439 1571 1499 1627 aut

280 1649 490 1726 confufione
515 1674 595 1725 cum
624 1653 747 1750 signis,
783 1671 943 1749 tempore
967 1679 1091 1726 morus
1118 1654 1268 1744 Christi,
1299 1673 1398 1741 orta,
1430 1646 1498 1723 dis·

278 1766 441 1847 putatur.
488 1749 659 1844 Equidem
687 1773 760 1822 non
784 1773 829 1824 ne
875 1750 988 1824 verim
1012 1764 1118 1823 unum
1136 1752 1327 1823 alterumve
1354 1770 1420 1844 pro
1435 1745 1498 1818 fic·

282 1842 372 1919 titio
391 1842 511 1914 haberi
538 1847 655 1940 poss'e,
680 1865 740 1918 aut
757 1868 801 1918 ert
839 1845 930 1942 rgnis
957 1866 1116 1941 tempore
1135 1845 1263 1919 Christi
1290 1862 1429 1930 ortum,
1456 1838 1499 1913 fi·

280 1949 345 2016 c'ut
370 1936 416 2010 de
445 1961 537 2010 voce
565 1943 749 2036 migremus
783 1943 857 2016 hinc
891 1941 970 2016 uus.
1003 1941 1131 2030 tradit,
1173 1941 1267 2012 forte
1301 1935 1500 2013 verifimili·

282 2058 325 2108 us
347 2031 558 2107 statueretur
580 2037 623 2108 de
647 2037 728 2131 Jesu
754 2062 814 2109 vae
839 2035 1068 2125 inclamante,
1104 2037 1197 2131 quod
1222 2034 1399 2109 Dominus
1424 2031 1503 2106 nos·

283 2147 343 2203 ter
374 2128 478 2223 paulo
511 2146 594 2202 ante
629 2151 780 2204 mortem
809 2129 927 2221 fecit,
975 2152 1012 2204 et
1037 2131 1115 2228 ipso
1143 2130 1202 2205 die
1236 2129 1501 2219 crucifixionis,

285 2222 313 2301 fi
337 2220 495 2298 narratio
517 2222 603 2298 effet
630 2248 702 2299 non
728 2224 830 2298 nimis
855 2226 998 2315 exacta,
1040 2246 1080 2300 ut
1103 2244 1140 2298 et
1166 2226 1210 2299 de
1233 2243 1329 2322 porta
1355 2224 1502 2324 Templi

286 2344 309 2394 a
356 2338 433 2408 rta,
465 2315 662 2394 sicut-tunc
691 2320 826 2395 sciffum
854 2321 924 2395 fuit
945 2324 1070 2411 selum,
1096 2341 1135 2395 et
1161 2339 1413 2397 terraemotus
1439 2331 1502 2395 ex·

282 2412 390 2495 stitit.
434 2411 502 2487 Sed
525 2415 633 2489 fidem
653 2414 856 2492 historicam
872 2418 943 2491 srne
967 2418 1168 2490 neceffltate
1190 2441 1262 2490 non
1286 2414 1394 2489 ausim
1423 2413 1504 2487 soli·
1566 2473 1572 2485 .

284 2509 423 2598 citare,
458 2507 573 2584 minus
598 2511 669 2584 hoc
694 2510 730 2586 in
755 2514 834 2586 casu
859 2511 995 2586 excidii
1024 2514 1202 2608 Templi„
1223 2532 1294 2587 tam
1318 2507 1503 2606 fingulari3
1542 2536 1547 2545 ·

286 2626 373 2682 cum
401 2624 562 2701 tempore
580 2607 660 2680 belli
686 2630 766 2682 cum
784 2607 975 2695 Romanis,
1001 2628 1038 2682 et
1054 2608 1119 2681 alia
1145 2608 1326 2682 observata
1350 2607 1416 2690 smt
1433 2604 1506 2679 irae

287 2701 385 2794 Dei,
415 2699 548 2796 populo
564 2698 822 2792 incumbentis,
847 2703 963 2799 srgna,
988 2702 1083 2778 inter
1109 2725 1195 2796 quae
1219 2727 1238 2774 a
1264 2702 1334 2797 Jos.
1359 2703 1397 2774 Β.
1421 2701 1455 2808 J
1479 2701 1504 2777 l.
1539 2736 1541 2739 ·

285 2797 362 2874 IV.
387 2817 423 2888 4
447 2793 599 2869 refertur
624 2798 788 2874 terribilis
804 2796 1010 2893 tempestas,
1035 2799 1158 2889 venti,
1184 2795 1326 2890 imbris,
1353 2815 1506 2878 tomtrue

285 2915 368 2980 um,
392 2888 587 2986 fulgurum,
613 2913 651 2966 et
667 2913 781 2969 terrae
808 2892 992 2968 concussae
1010 2891 1227 2989 mugituum,
1253 2918 1323 2989 quo
1340 2912 1506 2989 tempore

287 2985 446 3063 Idumaei
468 2984 576 3059 noilu
598 2985 775 3064 irruerunt
802 2987 840 3061 in
863 2990 1006 3079 urbem,
1046 3011 1196 3085 cumque
1220 2989 1257 3062 in
1284 2989 1360 3064 aliis
1384 3007 1503 3069 extra·

284 3080 475 3159 ordinariis
507 3079 637 3156 casibus
672 3084 751 3158 talia
784 3082 879 3180 signa
914 3084 1075 3180 legantur
1111 3082 1149 3156 in
1182 3083 1328 3159 historia
1360 3082 1506 3159 subinde

284 3177 400 3267 faita,
442 3175 618 3253 Dominus
644 3202 782 3277 quoque
808 3181 918 3253 Mart.
945 3181 1081 3254 XXIV.
1109 3199 1146 3252 et
1169 3179 1256 3254 Luc.
1282 3182 1380 3255 XXI.
1406 3193 1508 3276 prae·

285 3272 421 3353 dixerit
444 3272 582 3363 futura,
607 3274 757 3370 denique
781 3298 801 3348 a
822 3298 904 3349 cura
922 3275 993 3347 Dei
1020 3298 1103 3369 erga
1127 3297 1212 3366 eos,
1239 3301 1325 3372 quos
1350 3276 1507 3349 servatos

288 3369 387 3458 vult,
412 3390 486 3441 non
510 3367 576 3440 srnt
599 3369 727 3443 aliena:
761 3370 858 3466 cujus
882 3369 1101 3444 manifestum
1128 3369 1259 3464 prostat
1284 3390 1422 3462 quoque
1448 3366 1509 3440 in·,

284 3463 422 3541 dicium
451 3462 573 3552 ineo,
596 3466 689 3562 quod
714 3483 852 3558 tempus
869 3465 1035 3538 terribilis
1059 3464 1149 3539 illius
1172 3462 1377 3536 calamitatis
1401 3464 1506 3538 inter·

288 3561 499 3668 rumpendum
514 3558 583 3633 effe
603 3579 749 3658 propter
765 3564 896 3648 elrtlor,
923 3586 962 3633 rte
978 3565 1078 3633 omnis
1089 3584 1175 3631 ‚caro
1193 3579 1315 3653 pereat
1332 3555 1505 3634 Hieroso·

287 3659 414 3755 lyme,
456 3653 672 3750 praedixerit
701 3655 877 3730 Dominus
911 3656 1019 3726 Matt.
1053 3654 1191 3729 XXIV:
1228 3677 1285 3729 aa.
1335 3654 1407 3730 Ubi
1439 3677 1505 3753 pet

287 3754 403 3831 elellor
435 3749 657 3847 intelligendi
679 3752 758 3826 sunt
785 3751 855 3840 illi,
900 3748 959 3846 qui
993 3747 1153 3846 singulari
1180 3749 1251 3823 Dei
1279 3751 1507 3849 providentia

289 3849 537 3943 eriperentur,
563 3847 666 3937 alias,
691 3866 730 3921 ut
743 3850 806 3922 Ez.
831 3848 875 3920 X.
903 3864 940 3917 et
957 3844 1071 3941 Apoc.
1098 3848 1182 3921 Vll.
1202 3845 1298 3956 ſsgnu
1315 3846 1424 3922 fronti
1448 3846 1506 3925 iu·

316 3941 408 4017 tesso
433 3939 567 4030 notati3
592 3941 629 4016 in
652 3942 772 4038 specie
797 3939 995 4020 Christiani.
1048 3939 1153 4044 Quod
1179 3965 1213 4032 5.
1240 3964 1335 4018 rnter
1354 3941 1507 4019 circum·

289 3969 436 4117 ianuas
458 4059 596 4132 quoque
622 4038 740 4113 locum
763 4038 893 4111 habere
916 4034 1042 4132 potest.
1093 4036 1226 4137 Utique
1251 4063 1342 4113 voce
1365 4035 1505 4129 audita,

291 4136 478 4229 Mgremus
504 4133 594 4221 linc,
624 4134 741 4209 Tacit.
768 4133 876 4209 tradit
900 4135 1058 4226 ingentem
1073 4133 1178 4230 fuiffe
1199 4151 1322 4227 gnosum
1346 4135 1507 4213 escedas.-

290 4235 397 4319 tium,
442 4227 512 4323 Jos.
538 4251 625 4303 vero
652 4232 690 4304 B.
716 4230 747 4324 J.
773 4230 820 4302 ll:
849 4251 906 4301 20.
939 4226 1070 4318 refert,
1114 4229 1192 4326 post
1217 4225 1324 4301 Cestii
1352 4226 1508 4301 obfidio-

289 4348 399 4412 nem,
433 4346 503 4435 quo
528 4321 672 4420 proprie
698 4328 880 4398 decurtatio
908 4321 1046 4398 illorum
1070 4324 1204 4399 dierum
1231 4324 1338 4398 Matt.
1365 4325 1506 4404 XXIV:
1534 4326 1536 4331 ’

292 4442 352 4497 22.
377 4414 520 4493 videtur
534 4417 739 4511 referenda,
764 4421 929 4508 solutam,
954 4419 1157 4512 Judaeorum
1178 4419 1286 4510 plures
1313 4423 1507 4512 celsitate,

291 4532 351 4592 ran
371 4535 499 4687 uamIaeI
511 4519 590 4593 nari
601 4514 1029 4691 submffsmsffi‘ss‘·
1076 4511 1246 4595 constans
1270 4509 1411 4616 quoque
1443 4515 1509 4691 lpg⁸
