3575 5884
534 1094 543 1164 ,“
611 1096 616 1103 ’
662 1079 825 1159 Patous·
842 1078 988 1161 Ustuva)
1360 1085 1434 1184 575

195 1255 272 1339 sese
289 1260 616 1350 manifestaverunt,
642 1262 703 1339 sed
725 1289 826 1341 nunc
844 1263 957 1362 magis
983 1261 1126 1341 fuerunt
1150 1259 1367 1361 conspicua,
1381 1258 1433 1344 stit

192 1358 302 1439 firma
317 1360 430 1451 facia,
446 1376 514 1457 per
528 1359 775 1459 prophetiam,
797 1362 1070 1460 quaquaversum
1088 1359 1321 1458 divulgatam,
1340 1380 1432 1461 quae

196 1455 374 1548 habebat,
400 1477 436 1531 ut
460 1482 495 1531 eo
520 1475 661 1553 tempora
684 1459 823 1551 Judaeu
844 1458 983 1554 profeur'
1008 1480 1116 1533 aarum
1139 1463 1342 1555 potirentur:
1368 1474 1433 1534 ca-

193 1557 355 1728 puffiron
380 1554 553 1651 Josephus
578 1558 616 1629 B.
643 1556 723 1651 Jud.
748 1557 865 1633 LVI:
885 1577 926 1646 5.
962 1574 1120 1657 tantuma·
1159 1555 1218 1629 sed
1242 1573 1281 1629 et
1306 1556 1431 1633 ..Taciu

328 1650 377 1723 V:
409 1674 464 1745 13.
498 1669 536 1723 et
559 1653 705 1729 Sueton.
731 1649 772 1725 in
796 1652 1058 1748 Vespascrp
1086 1650 1271 1727 meminit:
1304 1666 1433 1751 quami,

197 1763 345 1846 praeter
368 1746 569 1836 Romanos,
596 1746 666 1844 Jos.
691 1746 734 1820 ad
752 1748 1002 1844 Vespasianum
1024 1749 1216 1844 adplicuit,
1242 1749 1369 1847 Judaei
1384 1752 1433 1829 ad
1469 1828 1484 1843 x

197 1846 301 1921 suurn
326 1843 509 1931 Messram,
543 1842 665 1939 populi
691 1842 742 1917 sui
768 1843 1012 1933 liberatorem,
1048 1866 1086 1935 et
1114 1844 1210 1918 orbis
1241 1847 1433 1922 debellato·

194 1940 657 2118 saturatur
682 1938 1436 2115 nfrssusaruarssure

381 2071 384 2076 ·
721 2062 742 2110 u
896 2062 921 2110 v
1079 2087 1084 2101 ·
1188 2065 1195 2110 r
1291 2062 1303 2112 r
1341 2063 1354 2112 r

198 2126 278 2305 a
302 2089 621 2303 naum
649 2062 1435 2338 cummaximas.

201 2306 331 2426 gortina
349 2321 507 2398 adventu
525 2324 966 2420 Hierosolymam-Matr.
992 2320 1221 2421 II.''rndeque
1244 2324 1353 2400 etiarn
1372 2350 1434 2400 on·
1544 2346 1546 2349 ·

200 2441 245 2503 to
263 2417 461 2510 vaticinio,
480 2419 574 2517 quod
591 2418 786 2513 Pharisaei,
805 2419 893 2494 teste
910 2421 1004 2518 Jos,
1024 2418 1269 2518 divulgarunt,
1289 2440 1326 2495 et
1344 2444 1435 2508 uro·¹
1595 2431 1600 2441 “

200 2517 239 2593 ti
257 2516 458 2607 Phcrorae,
486 2517 627 2628 ejusque
647 2516 781 2608 soboli,
807 2514 1071 2627 adplicuerunt,
1095 2517 1326 2593 circa-finem
1351 2534 1435 2618 rag-

204 2612 247 2695 ni
273 2611 458 2701 Herodis3
501 2631 551 2690 ut.
566 2636 606 2687 tn
635 2613 710 2709 ejus
741 2612 889 2698 historia
924 2612 1118 2687 observavi.
1163 2613 1328 2689 ,ncceffit
1353 2630 1433 2707 tanj·

200 2711 384 2807 dem,3ut
409 2708 670 2799 fieriadsolet,
695 2700 916 2807 desperatio,
941 2706 1100 2798 etvitae
1126 2706 1302 2798 taediu'rn3
1336 2710 1438 2807 cujda

201 2807 315 2887 multa
337 2804 532 2895 dederunt,
557 2805 704 2878 durante
728 2806 799 2881 boc
824 2806 937 2894 bello,
962 2802 1177 2915 specimina,
1204 2826 1303 2901 -quae
1326 2805 1437 2891 fidem

200 2902 285 2983 fere
300 2899 486 2999 superant,
515 2922 562 2975 ex
575 2899 722 2975 historia
747 2910 842 2978 no‘ta.
894 2904 1063 3000 Demque
1086 2901 1284 2997 proximam
1303 2902 1436 2979 occasi·

206 3010 316 3077 on'ern
340 2997 424 3073 belli
443 2995 596 3091 suscepti
623 2999 785 3092 praebuit
818 3018 1041 3087 contemtus,
1083 3015 1120 3069 et
1145 2997 1257 3072 illusro
1279 3000 1437 3097 Judaeu·
1589 3034 1591 3036 ·

204 3118 287 3172 rum
312 3116 334 3168 a
359 3095 485 3183 Floro,
526 3116 633 3190 quum
660 3097 817 3190 querelas
841 3095 884 3169 ad
918 3093 1030 3189 ipsum
1064 3092 1291 3187 deserebant,
1333 3098 1440 3195 super·

203 3197 353 3294 ,Synago
397 3214 418 3265 e
440 3189 519 3264 suae
546 3188 796 3284 profanatione
815 3191 1002 3266 Caesareae
1027 3212 1094 3287 per
1114 3192 1245 3278 altare,
1270 3194 1437 3290 agentiii

205 3286 352 3367 tonstru
390 3310 471 3375 um,
503 3305 586 3358 ante
614 3285 742 3361 ostium
768 3287 938 3361 introitus
957 3291 1057 3383 ejus,
1092 3288 1149 3360 cui
1178 3289 1283 3360 ae'des
1306 3289 1437 3388 pagani

206 3403 309 3462 erant
333 3383 523 3481 proximae.
574 3381 690 3489 Quem
720 3402 939 3459 contemtum
970 3408 1054 3458 ‘curn
1078 3381 1201 3478 Judaei
1236 3386 1437 3477 aegerrime

207 3482 368 3570 ferrent,
411 3498 449 3555 et
483 3479 660 3553 convictis
675 3477 728 3553 ·in
753 3482 893 3553 Florum
927 3479 1199 3569 ulciscerentur,
1243 3475 1439 3558 saevissime

208 3581 255 3752 pb
285 3600 331 3650 eo
357 3574 437 3650 sunt
461 3572 624 3666 tractari,
652 3576 746 3673 quod
772 3597 913 3651 autores
937 3577 1105 3671 detegere
1130 3597 1171 3651 ac
1196 3577 1334 3654 tradere
1359 3582 1438 3655 nor·

224 3691 298 3751 ent.
523 3736 527 3748 .
734 3704 740 3709 '
1419 3698 1425 3731 ¹

210 3816 218 3823 —
258 3771 293 3870 ς.
317 3767 437 3845 DLV.
463 3765 520 3841 Ad
536 3766 801 3863 rirnnnstantiar
827 3765 1052 3856 calamitatis,
1080 3788 1167 3861 quae
1192 3767 1438 3849 adsensionem

208 3884 416 3951 merentur,
434 3861 571 3953 refero,
597 3884 737 3960 praeter
754 3861 1241 3963 interruptamobsrdionern,
1268 3869 1366 3964 cujus
1381 3868 1438 3943 sul·

210 3986 278 4064 pra
305 3958 473 4045 memini,
508 3979 648 4056 tempus
672 3979 710 4033 et
732 3961 828 4059 figna
853 3959 1097 4058 prognostica,
1139 3980 1179 4034 ut
1205 3964 1435 4059 adpellantur.

210 4060 327 4159 Quod
355 4057 401 4131 ad
428 4073 551 4151 tempas
576 4055 711 4131 adtinet
746 4082 777 4132 1.
804 4056 932 4131 obsessa
958 4055 1009 4130 est
1031 4059 1199 4132 urbs'die
1227 4076 1304 4148 rato
1329 4060 1439 4137 mens.

210 4155 352 4242 Nibn,
388 4153 427 4225 in
452 4151 543 4226 festo
560 4152 761 4247 -Paschatis,
796 4152 883 4227 teste
909 4154 1003 4251 Jos.,
1036 4156 1176 4251 quando
1200 4155 1279 4226 urbs
1303 4159 1440 4254 repleta

212 4273 293 4331 erat
319 4248 468 4337 incolis,
511 4248 609 4322 causa
636 4247 716 4322 sesti
746 4251 965 4346 undiquaque
1001 4276 1048 4325 eo
1081 4248 1358 4345 confluentibus,
1399 4273 1442 4328 et

243 4373 291 4426 uo
326 4345 405 4440 ipso
433 4342 526 4418 festo
550 4344 693 4419 Messias
724 4346 795 4421 suit
827 4349 1026 4424 crucifixus.
1078 4370 1109 4419 2.
1137 4346 1353 4423 Conbustunr
1387 4350 1442 4428 est

209 4478 217 4488 ·
257 4442 416 4556 emplum
440 4464 520 4516 ann.
540 4464 587 4536 70
605 4464 673 4516 aer.
693 4443 824 4540 Vusg„
850 4466 888 4518 et
909 4444 1096 4518 secundum
1113 4440 1204 4535 Jos.,
1235 4447 1442 4544 10monug.

220 4564 294 4655 quo
315 4537 394 4649 apso
420 4534 543 4645 meuse
570 4548 614 4623 ‘et
640 4538 700 4621 die
724 4540 823 4717 adgit
838 4538 1077 4642 ‚conflagrasse
1111 4538 1452 4728 Ternpsuru-pripp·13

210 4668 226 4709 ’.-
769 4723 772 4727 ἵ
809 4657 939 4743 0004
1437 4722 1452 4737 Ι
