3575 5884
278 1135 356 1211 45⁸
623 1117 768 1221 lastaria
790 1117 1028 1219 Et'clrfiizstica
1049 1120 1091 1196 V.
1118 1116 1160 1192 T.

283 1321 339 1372 aes
359 1298 507 1398 suillas,
532 1319 570 1375 et
593 1307 793 1391 comatoria,
830 1302 888 1376 seu
915 1300 1063 1398 inpura,
1096 1305 1271 1397 jamenta,
1316 1295 1495 1394 animasque

284 1399 489 1493 reinquinare
513 1403 595 1471 omni
619 1403 729 1493 inpuro
756 1417 787 1473 et
816 1401 1045 1483 aberninartdo,
1075 1399 1231 1472 1Macc.
1258 1400 1287 1470 1:
1321 1418 1427 1489 17.-

331 1489 362 1587 i.
388 1493 622 1568 ccccxlv.
653 1494 721 1567 Sed
745 1497 957 1591 peculiarem
984 1510 1138 1567 merente
1159 1491 1425 1581 adtentionem,
1454 1488 1495 1562 ati

284 1589 494 1677 gravitatem
518 1590 723 1664 calamitatis
741 1590 1023 1690 intelligendam,
1054 1588 1243 1684 epitheton
1265 1590 1495 1662 eborainabllr's

286 1682 405 1761 sinim
432 1683 616 1782 vastantis,
641 1711 709 1784 quo
737 1686 883 1762 effessius
907 1684 1136 1781 exprimitur,
1161 1708 1265 1780 quent
1290 1682 1379 1756 illud
1404 1682 1495 1756 inter

284 1779 434 1873 Judaeos
459 1785 690 1878 produceret:
716 1782 775 1879 qui
800 1783 987 1857 secundum
1013 1779 1194 1855 historiam
1215 1775 1495 1876 petiffimumfuit

170 1924 173 1931 -
283 1872 435 1969 duplex,
475 1878 577 1952 verbi
610 1880 721 1953 Hebr.
754 1880 847 1968 000
865 1876 1039 1975 potestate
1065 1875 1172 1948 etiam
1198 1873 1495 1969 comprehensus,

284 1990 368 2042 cum
391 1977 571 2049 salinorum
596 1973 840 2071 obstupefasllo,
866 1997 968 2070 quarn
986 1971 1124 2046 insolita
1139 1970 1335 2059 enormitas,
1353 1968 1493 2066 religio·

284 2064 341 2140 nis
360 2070 462 2143 causa
487 2069 674 2169 ingruens,
698 2093 838 2168 tamque
856 2071 1046 2144 vehemens
1092 2068 1286 2153 ersecutio,
1315 2065 1355 2139 in
1370 2064 1489 2140 anuuit

169 2232 173 2239 .
286 2160 499 2257 ludaeorum
524 2168 682 2263 peperit,
709 2168 781 2258 uti,
807 2192 852 2240 ne
878 2163 1056 2240 variosPs
1082 2187 1128 2238 m
1153 2161 1225 2237 huc
1248 2161 1492 2258 pertinentes,

285 2279 326 2331 et
340 2258 426 2351 alia,
457 2266 653 2358 proferam,
678 2285 724 2333 ex
739 2260 886 2357 querelis
901 2257 1115 2349 Mattatiae,
1136 2257 1277 2354 ejusque
1295 2255 1491 2346 sudorum,

284 2352 368 2439 satis
383 2358 544 2429 elucescit
571 2359 716 2429 rMacc.
742 2359 788 2426 ll.
817 2375 890 2428 tum
916 2355 1100 2449 multiplex
1117 2351 1275 2450 vastatio,
1300 2353 1413 2448 reip,
1434 2375 1489 2425 re·

286 2448 450 2549 ligionis,
488 2473 529 2521 ac
566 2448 794 2543 plurimorum
826 2449 979 2540 civium,
1018 2449 1091 2522 five
1125 2444 1343 2523 idololatriae
1372 2448 1492 2522 succu-

286 2543 451 2630 buerint,
473 2563 511 2615 et
534 2543 585 2616 ita
610 2543 649 2615 in
674 2543 866 2618 animarum
891 2543 1088 2641 perniciem
1110 2543 1275 2634 ruerint,
1296 2566 1341 2617 ac
1361 2543 1491 2640 judici·

286 2665 344 2714 run
372 2636 443 2712 Dei
467 2635 601 2710 vastans
635 2637 674 2712 in
696 2638 731 2712 se
758 2640 1006 2736 provocarint,
1046 2641 1140 2715 Dan.
1164 2641 1228 2713 XI:
1256 2659 1314 2735 32.
1340 2658 1381 2713 et
1408 2640 1491 2713 Xll:

286 2759 320 2811 2.
345 2733 651 2830 praenunciatum,
676 2733 748 2808 five
773 2737 813 2809 ab
832 2760 873 2809 ea
897 2735 1096 2810 constanter
1112 2733 1368 2812 abhorruerint.
1416 2735 1489 2808 Na·

283 2848 320 2902 ta
349 2827 443 2900 enim
463 2826 562 2901 'hinc
588 2829 638 2901 cst
668 2829 799 2923 partim
822 2833 1013 2906 multorum
1044 2827 1204 2905 defectio
1235 2851 1260 2903 a
1280 2830 1385 2926 lege,
1416 2853 1491 2926 par·

281 2924 348 2998 tim
382 2925 456 3020 ejus
488 2919 718 2998 studiosorum
742 2926 963 3023 persecutio,
1003 2950 1090 3024 quae
1124 2943 1322 3015 tormenta,
1363 2947 1488 3015 neces,

279 3016 528 3116 spoliationes,
553 3019 678 3110 exilia,
696 3040 735 3094 et
753 3022 934 3097 innumera
948 3025 1034 3095 mala
1049 3023 1136 3111 alia,
1197 3019 1348 3107 oduxit;
1365 3022 1491 3117 partim

279 3116 410 3194 bellum
435 3135 561 3210 grave,
592 3133 629 3188 et
654 3115 878 3208 diuturnum,
904 3117 999 3190 inter
1025 3120 1152 3191 Macca
1178 3139 1264 3188 aeos.
1287 3134 1326 3188 et
1352 3116 1492 3208 hostes,

306 3236 353 3286 uo
377 3232 468 3285 terra
492 3208 543 3282 est
564 3208 712 3298 vastata,
738 3232 778 3284 et
798 3214 883 3286 aliae
909 3211 1068 3286 miseriae
1092 3214 1170 3287 sunt
1198 3231 1319 3285 ortae:
1354 3212 1489 3308 dequo

281 3238 373 3385 iud.
399 3310 440 3382 C.
463 3304 632 3402 Vitringa
650 3305 693 3378 ad
719 3307 786 3401 Jes.
812 3306 950 3383 XXIV.
998 3309 1136 3404 Magno
1161 3329 1313 3381 numero-
1326 3306 1486 3383 defecisse

281 3406 434 3504 Judaeos
460 3426 480 3476 a
511 3402 615 3498 lege,
655 3399 707 3472 uti
741 3402 838 3475 Dan..
867 3404 931 3477 ΧΙ;
970 3427 1015 3498 30
1048 3423 1085 3476 et
1117 3427 1179 3498 32.
1213 3401 1408 3496 indicatur,
1443 3426 1491 3479 en

282 3501 428 3577 historia
450 3498 673 3572 missorum
701 3493 771 3584 est,
807 3495 880 3572 five
905 3498 1049 3594 sponte,
1091 3498 1162 3572 live
1189 3500 1381 3595 promilsrs,
1420 3500 1490 3574 sive

278 3602 410 3686 ¹metu,
450 3589 612 3686 religioni
645 3590 778 3684 patriae
810 3594 1063 3668 renunciarint.
1112 3595 1179 3667 Sed
1212 3594 1356 3668 fuerunt
1385 3597 1491 3669 etiam

280 3692 378 3770 inter
405 3713 487 3777 eos,
513 3685 570 3783 qui
587 3683 751 3780 scelerum
777 3689 1085 3781 tranantesfoedus
1101 3689 1273 3779 sensium,
1299 3691 1359 3763 seu
1379 3697 1488 3786 tragi-

282 3810 406 3866 tatores
431 3785 522 3877 ejus,
555 3782 768 3874 adpellantur
791 3788 882 3860 Dan.
907 3786 968 3857 XI:
998 3806 1053 3878 32.
1091 3777 1176 3855 'Vtri
1201 3790 1325 3880 inprobi
1355 3806 1394 3860 et
1415 3790 1489 3882 legis

281 3885 383 3986 hostes
412 3882 566 3954 rMacc.
591 3879 620 3948 l:
647 3900 723 3970 34„
750 3883 916 3977 populum
939 3883 1189 3956 conturbantes
1212 3901 1249 3954 et
1271 3882 1485 3978 exagitantes

277 3987 333 4060 ib.
360 3981 422 4056 llk
448 3996 482 4065 5.
509 3972 571 4068 qui
590 3972 777 4078 gentilibus
800 4001 926 4050 manus
943 3979 1185 4072 praebuerunt.
1233 3977 1370 4074 Utique
1389 3975 1485 4075 impii

277 4081 492 4181 -Judaeorum
515 4068 697 4141 Antiocho
732 4073 950 4146 occasionem
975 4076 1228 4168 praebuerunt,
1264 4091 1300 4144 et
1324 4097 1408 4147 eum
1432 4098 1490 4147 ex·

283 4178 435 4252 citarurrt
466 4167 507 4244 ad
539 4162 627 4235 haec
661 4162 825 4241 facinora.
873 4169 1077 4241 Petentibus
1109 4166 1269 4240 instituta
1302 4171 1485 4264 gentilium

277 4279 352 4376 ‚jam
386 4289 465 4341 ante
500 4258 697 4360 permiserat
724 4261 944 4348 Antiochus,
989 4265 1144 4338 rMacc.
1170 4266 1211 4336 'lr
1238 4287 1290 4335 11.
1325 4264 1488 4362 deinceps

287 4374 329 4448 ὼ
369 4364 411 4436 iis
443 4361 619 4457 instigatus
653 4355 761 4430 altera
792 4356 873 4430 vice
913 4354 1015 4429 irruit
1047 4358 1084 4431 in
1116 4359 1489 4454 Hierosolynritanos,

205 4494 210 4504 ·
278 4493 309 4546 ,2
325 4466 440 4540 Mace.
466 4460 616 4546 waso.
642 4448 710 4543 Jos.
735 4453 773 4525 Β.
801 4454 833 4547 J.
859 4450 880 4522 l.
908 4450 937 4523 Ι.
962 4452 1112 4548 denique
1134 4478 1201 4548 per
1228 4455 1304 4526 illos
1328 4455 1431 4552 saepe
1447 4456 1485 4528 ad

276 4563 377 4668 ,pegia
397 4552 561 4638 studiosos
587 4546 811 4647 destruendos
835 4544 1010 4626 excitatus
1036 4547 1114 4641 est,.
1128 4549 1220 4648 Jos.
1236 4551 1328 4627 Ant.
1347 4553 1377 4627 l..
1402 4552 1483 4724 {ll

273 4690 329 4748 t·
808 4711 814 4719 .
856 4712 862 4723 ,
912 4714 917 4721 ,
1449 4661 1486 4718 ut
