3575 5884
189 617 1559 881 -ι-

169 1086 175 1093 “
291 1092 373 1167 ‚520
644 1064 792 1169 'Historia
814 1065 1048 1191 Eeclestaflica
1069 1069 1113 1147 V.
1141 1060 1185 1145 T.

298 1274 351 1329 re.
398 1250 479 1325 Itno
504 1247 609 1327 tradit
632 1244 702 1347 Jos.
728 1250 816 1325 Ant.
840 1250 864 1324 l.
893 1253 980 1329 XV.
1006 1275 1039 1327 c.
1064 1275 1099 1347 7.
1123 1274 1228 1343 etim,
1253 1272 1302 1327 ex
1319 1244 1532 1328 difficillimo

297 1346 425 1427 morbo
457 1346 636 1447 satutatem
661 1344 853 1443 adeptum,
886 1348 982 1445 adeo
1014 1371 1058 1423 ex
1084 1347 1191 1423 animi
1214 1366 1254 1423 et
1280 1346 1438 1447 corporis
1464 1369 1523 1419 ae·

298 1440 481 1547 g'ritudine
513 1440 612 1517 fuilse
647 1444 917 1537 exacerbatum,
959 1462 999 1519 ut
1024 1442 1182 1543 quosvis,
1224 1442 1338 1520 etiam
1369 1440 1521 1533 amicos,

299 1542 358 1627 ,vel
385 1541 461 1619 leri
486 1530 530 1613 de
557 1536 656 1631 eausa
678 1534 914 1625 interfecerit.

300 1712 307 1721 ,
344 1634 377 1734 s.
406 1636 505 1735 Diri,
537 1632 936 1731 praetermissarum,
963 1636 1018 1711 vel
1043 1628 1164 1736 reges,
1191 1634 1287 1731 simul
1304 1634 1519 1725 Pontifices,

296 1726 643 1827 supremoscivitatis
658 1732 903 1823 semeleiae,
922 1732 982 1807 seu
997 1734 1199 1832 religionis,
1219 1732 1417 1823 Restm,
1438 1755 1519 1828 quo·

294 1851 372 1911 rum
399 1824 549 1923 aliquam
576 1826 657 1901 dedi
683 1824 867 1925 notitiam,
903 1852 983 1923 curn
1007 1829 1074 1924 hae
1104 1832 1254 1927 periodo
1277 1830 1520 1905 introduetum

295 1922 339 1997 srt
365 1922 598 2021 synedrium,
632 1942 669 1996 et
693 1950 844 2021 magnum
866 1922 1019 2014 dislum,
1056 1950 1124 2019 70,
1152 1931 1208 2001 vel
1233 1948 1302 2020 72,
1336 1926 1516 2013 virorum,

295 2012 554 2117 hierosolymis
571 2019 743 2113 residens,
762 2040 798 2093 et
814 2023 941 2111 minus,
963 2043 1005 2117 23
1025 2022 1205 2114 virorum,
1225 2022 1515 2119 Hierosolyma,

294 2135 334 2197 et
360 2114 398 2190 iu
423 2116 565 2190 urbibus
595 2116 867 2209 celebrioribus,
884 2116 1012 2213 ¹sedem
1038 2136 1181 2210 tenens,
1217 2114 1262 2191 de
1287 2142 1334 2192 eo
1352 2118 1518 2215 quaedam

294 2212 374 2291 sunt
386 2208 566 2309 dicenda,
593 2212 726 2310 quippe
751 2214 843 2309 quod
859 2212 907 2313 'ad
925 2214 1073 2288 sormam
1098 2212 1283 2313 regiminis
1300 2215 1515 2313 cognoscen-

294 2304 375 2409 dam
404 2308 574 2407 pertinet.
616 2307 824 2405 Synedriurn
840 2308 1016 2405 Magnum
1042 2313 1140 2408 quale
1166 2308 1295 2401 luerit,
1323 2308 1514 2409 exquibus

292 2402 460 2487 membris
479 2402 735 2571 compositum,
769 2400 961 2506 dequibus
987 2407 1088 2479 rebus
1114 2407 1249 2504 egerit,
1282 2407 1383 2504 cujus
1409 2404 1515 2481 fuerit

295 2496 517 2588 autoritatis,
543 2523 566 2571 u
591 2498 603 2571 i
630 2497 899 2595 Hierosolymae
922 2523 1176 2599 congregatum
1201 2503 1332 2593 irretit,
1366 2528 1438 2601 quo
1461 2500 1513 2585 us·

290 2623 362 2697 que
386 2592 584 2685 duraverit,
611 2615 773 2694 tanquam
800 2616 947 2695 notum,
972 2600 1029 2672 uel
1056 2622 1101 2673 ex
1118 2599 1267 2673 Seldeno
1294 2599 1340 2673 de
1368 2598 1512 2697 Synedr.

293 2692 437 2790 aliisque
455 2692 654 2783 autoribus,
681 2692 740 2802 qui
763 2687 979 2791 antiquitates
995 2693 1198 2770 israeliticas
1224 2692 1436 2785 trasiarunt,
1461 2694 1508 2767 fa-

290 2787 362 2879 cile
388 2788 639 2881 repetendum,
665 2788 726 2859 luc
755 2779 891 2886 millum
918 2788 1065 2889 faciam,
1097 2790 1141 2864 de
1165 2794 1286 2886 origine
1307 2792 1403 2902 ejus,
1426 2788 1507 2863 huie

288 2879 441 3050 periodo
465 2876 692 2987 adfignanda,
717 2880 907 2979 disseruill'e
932 2906 1138 2977 contentus,
1169 2910 1214 2961 ne
1242 2885 1351 2961 nimrs
1377 2885 1506 2987 prolixa

319 2994 354 3047 at
370 2972 537 3053 historica
554 2976 746 3057 tradatio,
779 2976 969 3057 suffecerit
993 2982 1115 3079 paucis
1142 2980 1338 3058 obsertalse
1369 3008 1399 3058 r.
1428 3006 1507 3057 eon·

287 3066 413 3151 stitille
438 3094 483 3149 ex
510 3096 576 3168 71,
602 3072 790 3150 secundum
807 3075 977 3171 Judaeos,
1003 3076 1190 3169 membris,
1215 3079 1334 3176 paffim
1352 3077 1506 3154 sacerdo·

174 3258 177 3265 ·
290 3166 407 3255 tibus,
426 3186 463 3240 et
482 3167 642 3259 Levitis,
671 3189 831 3266 tanquam
851 3171 1101 3268 peritioribus,
1128 3195 1164 3248 et
1180 3174 1396 3271 aptioribus,
1422 3198 1506 3273 quo-

288 3288 367 3361 rum
383 3264 592 3363 praecipuus
611 3286 685 3363 erat
705 3269 832 3348 aarum
847 3272 1021 3369 princeps,
1046 3273 1103 3345 vel
1123 3269 1281 3367 praeses,
1302 3272 1434 3369 paffim,
1460 3270 1502 3344 li·

288 3381 351 3457 cet
375 3384 450 3442 noa
474 3361 629 3471 semper,
653 3364 854 3453 Pontifex,
875 3383 914 3441 et
937 3368 981 3439 ab
1006 3389 1050 3438 eo
1075 3364 1243 3441 secundus
1269 3368 1374 3443 Pater
1397 3370 1503 3442 dairas

288 3458 446 3551 Judicii,
472 3478 596 3545 tertius
620 3462 757 3629 quieas
781 3454 904 3540 didius,
951 3462 1143 3559 Reliquos,
1168 3483 1207 3536 ut
1226 3461 1422 3553 ministros,
1446 3464 1503 3541 seu

275 3552 414 3654 stridat
443 3556 552 3647 duos,
578 3558 647 3631 alio
664 3582 731 3652 que
754 3555 871 3631 mitta.
920 3556 1086 3653 Princeps
1108 3558 1261 3633 medium
1287 3563 1428 3636 tenebat
1455 3563 1502 3639 lo·

285 3671 388 3736 cum,
416 3648 458 3722 ad
483 3652 558 3749 ejus
581 3653 740 3731 dextram
763 3671 865 3751 pater
880 3650 1003 3727 domus
1022 3653 1168 3750 judieii,
1194 3655 1320 3753 reliqui
1348 3658 1391 3730 ab
1409 3680 1501 3731 utro·

284 3768 354 3844 que
380 3746 508 3835 latere,
542 3750 579 3823 in
607 3748 755 3825 sormam
783 3747 950 3824 dimidiae
972 3772 1072 3826 areae
1097 3749 1284 3828 circularis.
1337 3775 1371 3826 2.
1406 3753 1500 3850 Judi·

284 3841 376 3917 calse
403 3839 498 3917 hunc
532 3844 722 3919 consessum
749 3845 792 3918 de
817 3842 993 3945 quibusvis
1026 3848 1128 3919 rebus
1155 3847 1397 3943 grauioribus,
1438 3873 1498 3958 qua

283 3935 471 4033 civilibus,
508 3960 575 4031 qua
601 3940 788 4039 religiosis,
833 3941 876 4015 de
907 3940 1166 4040 quibuscunque
1190 3942 1297 4029 etiam
1323 3944 1497 4041 personis,

283 4059 332 4111 ue
360 4032 520 4130 regibus,
547 4051 586 4102 ut
610 4042 750 4112 tradunt
774 4036 917 4132 Judaei,
945 4038 1288 4136 quidem'exceptis,
1314 4040 1442 4140 absque
1466 4058 1502 4115 ut

279 4118 326 4203 srt
341 4131 680 4229 indepravatam,
708 4134 855 4227 quascun
882 4159 925 4207 ue
942 4157 1094 4228 poenas,
1116 4137 1221 4211 etiam
1239 4136 1428 4232 capitales,
1450 4137 1499 4211 in·

277 4218 420 4325 flixilse.
471 4251 502 4321 3.
530 4222 727 4300 Consedill:
755 4160 934 4324 quoriiiie,
974 4227 1190 4307 a'lacrilicio
1213 4233 1296 4329 juge
1326 4233 1500 4307 matutino

278 4320 324 4399 ad
349 4319 608 4414 vespertinum,
645 4320 681 4393 in
707 4323 867 4395 conclavi
900 4325 1006 4399 mun
1033 4328 1182 4417 Gazitlr,
1215 4329 1362 4422 aaarfis
1387 4333 1500 4426 lapidi·

279 4420 361 4522 bas,
398 4414 522 4507 quibus
547 4417 751 4493 instruslum
786 4438 879 4504 emt,
924 4419 971 4490 fic
999 4422 1195 4519 adpellata,
1237 4428 1335 4527 cujus
1356 4449 1440 4522 pars
1465 4426 1500 4503 in

272 4530 369 4591 wia
394 4510 561 4615 Templi,
586 4541 667 4619 pars
691 4518 729 4593 in
752 4513 960 4593 antemurali
987 4519 1063 4616 ejus
1082 4538 1173 4625 etat.
1343 4612 1365 4721 ὃ
1459 4618 1498 4692 V

825 4682 840 4741 ,ἰ
908 4704 951 4723 -.,
