3575 5884
282 1137 354 1232 364
631 1119 777 1220 Historia
801 1116 1039 1216 accreſsassna
1061 1121 1103 1195 V.
1137 1118 1175 1196 T.

279 1310 416 1387 tristior
459 1304 620 1385 conditio
649 1321 691 1376 et
730 1298 969 1398 periculosior.
1025 1303 1097 1375 Sub
1131 1304 1304 1401 Cambyse
1345 1304 1505 1407 inpediu

268 1396 349 1483 'fuit
384 1405 502 1480 edisio
526 1401 618 1501 regis
648 1421 765 1472 rerum
799 1395 1003 1470 instwratio
1037 1417 1073 1469 et
1108 1398 1252 1497 Templi
1279 1401 1501 1505 aedificatio,

278 1526 318 1581 et
343 1503 406 1601 ipsi
429 1499 570 1574 arctiori
597 1494 760 1569 servituti
778 1492 908 1567 addidi
941 1494 1032 1567 sunt.
1076 1494 1192 1601 Dario
1215 1497 1324 1595 Hyst
1348 1523 1497 1600 regnan.

279 1593 317 1674 ie
342 1597 466 1672 laetior
492 1594 572 1691 ipsis
597 1589 734 1666 adfulfit
768 1589 929 1676 fortuna;
971 1588 1009 1695 in
1035 1587 1149 1663 initiis
1173 1591 1303 1667 Xerxis
1335 1594 1374 1669 in
1401 1624 1497 1697 prae.

277 1693 527 1779 sentrssimum,
544 1712 608 1786 per
625 1685 794 1761 Hamanis
811 1684 902 1758 cons
921 1683 1107 1760 iranonem
1126 1684 1164 1760 in
1180 1711 1265 1779 eos,
1292 1689 1496 1774 inciderunt

275 1783 408 1871 'excidii
445 1787 565 1859 totalis
596 1781 804 1870 discrimen,
843 1779 877 1854 sc
935 1778 1088 1855 feliciter
1112 1803 1186 1950 per
1215 1785 1499 1873 Mordachaeum

271 1880 412 1960 liberati
430 1881 511 1954 sunt
540 1899 577 1955 et
595 1876 801 1965 Esthcrem,
825 1875 957 1973 dequo
981 1899 1088 1964 mox;
1137 1877 1197 1953 ein
1215 1878 1276 1954 sub
1292 1883 1494 1964 Artaxerxe

274 1968 522 2077 nongimano,
557 1995 720 2071 tempore
748 1974 858 2045 Ezrae
882 1994 923 2045 ac
946 1970 1167 2063 Nehemiae,
1201 1978 1395 2073 prospere,
1428 1981 1491 2059 eti.

273 2099 333 2157 am
350 2072 461 2171 magis
484 2071 615 2161 libere,
641 2089 811 2168 egerunt,
836 2087 875 2142 ut
892 2092 938 2143 ex
966 2068 1066 2166 supra
1084 2066 1187 2142 dietis
1209 2090 1320 2169 patet.
1370 2079 1487 2154 Habn.

275 2166 382 2267 'erum
416 2168 522 2244 etiam
555 2187 643 2241 tunc
675 2165 839 2275 proprios
868 2163 1034 2260 judices,
1076 2161 1222 2274 aliquale
1266 2191 1410 2269 quoque
1438 2176 1494 2273 jur

274 2273 415 2366 poenae
455 2263 640 2361 capitalis,
697 2280 819 2354 utrque
863 2261 1239 2336 excommunicationis
1281 2265 1492 2366 plenariae,

274 2363 425 2450 muidtae
451 2362 647 2444 bonorum,
687 2373 725 2428 et
748 2353 971 2426 vinculorum
1002 2356 1082 2430 Ezr.
1109 2357 1197 2431 VII:
1224 2364 1288 2434 26⁴
1331 2360 1416 2440 Nec
1442 2387 1489 2443 ta·

272 2464 359 2532 r'nen
389 2449 506 2546 magni
530 2447 704 2522 momenti
735 2470 858 2522 eorum
891 2447 962 2522 fuit
995 2468 1054 2525 aut
1078 2450 1261 2547 potentia,
1300 2475 1364 2532 aut
1386 2485 1410 2534 o
1434 2489 1492 2540 nm

273 2551 398 2648 eopia,
437 2546 527 2618 adeo
559 2564 598 2618 ut
632 2541 761 2617 vicinis
792 2541 934 2639 populis
968 2543 1082 2618 adhuc
1124 2546 1257 2623 fuerint
1289 2486 1491 2650 despedni:

272 2632 335 2761 spui
371 2638 554 2737 languidos
585 2664 647 2716 eos
683 2638 899 2740 adpellarunt
933 2639 1031 2718 Neh.
1063 2642 1130 2716 111:
1158 2667 1217 2741 34.
1240 2662 1278 2720 et
1309 2644 1492 2731 irriserunt

271 2767 308 2817 v.
360 2745 384 2813 6

276 2825 287 2923 J
317 2763 354 2932 §3
377 2796 619 2942 &CCLXVII.
662 2829 828 2928 Denique
864 2831 1063 2927 graviorem
1094 2833 1179 2930 passi
1212 2832 1293 2911 sunt
1317 2839 1489 2920 adflictio·

273 2941 359 3011 nem
382 2929 444 3002 sub
470 2929 669 3002 Artaxerxe
684 2926 788 3002 Ocho
812 2929 1089 3034 pernssagosum,
1116 2930 1314 3026 supremum
1337 2939 1415 3033 ejus
1429 2942 1486 3016 du·

272 3049 374 3111 cem,
402 3023 461 3118 qui
489 3024 681 3120 Templum
708 3021 932 3120 profanavit,
957 3041 995 3095 et
1012 3047 1145 3100 novum
1167 3026 1309 3123 Judaeis
1334 3031 1487 3129 inposuit

269 3121 461 3207 tributum,
489 3119 568 3192 satis
585 3143 714 3214 grave,
743 3140 838 3213 quo,
862 3136 1048 3214 antequam
1067 3119 1290 3219 quotidianas
1316 3126 1490 3209 offerrent

269 3215 422 3305 hostias,
467 3211 505 3289 in
532 3212 682 3309 singulos
707 3235 817 3310 agnos
850 3234 871 3282 e
900 3214 1045 3308 publico
1078 3240 1126 3306 50
1150 3217 1331 3297 drachmas
1353 3227 1487 3322 pende·

270 3314 312 3411 ie
338 3312 523 3389 debebant.
550 3309 620 3410 Jos.
646 3307 731 3382 Ant.
757 3307 779 3380 1.
805 3307 868 3380 XI:
897 3328 930 3415 7:
959 3311 1018 3417 qui
1043 3311 1159 3402 addit,
1201 3314 1354 3410 Judaeoa
1377 3343 1442 3417 per
1467 3348 1487 3419 7

269 3435 352 3491 ann.
377 3406 479 3483 fuisse
506 3408 548 3480 ab
575 3428 619 3476 eo
639 3400 831 3478 infestatus.
879 3402 1119 3481 Hierichunte
1145 3432 1283 3505 quoque
1309 3402 1497 3516 expugna-⁴

270 3498 331 3593 ia,
373 3504 524 3600 Judaeos
547 3499 674 3571 multos
705 3494 866 3595 captivos
892 3501 1059 3591 abduxit,
1101 3503 1240 3600 partim
1258 3508 1297 3583 in
1331 3511 1398 3585 ΑΕ
1474 3556 1488 3573 -

268 3591 366 3685 tum,
413 3592 541 3691 partim
578 3593 616 3667 in
651 3590 894 3692 Hyrcaniam,
937 3597 989 3668 uti
1018 3597 1089 3693 Jos.
1124 3619 1246 3675 contra
1276 3605 1310 3679 A
1337 3630 1376 3703 p.
1424 3612 1491 3686 ,L

267 3718 314 3769 ex
330 3693 514 3768 Hecataeo
529 3690 652 3765 refert.
701 3688 866 3779 Causam,
890 3692 948 3762 vel
964 3692 1205 3786 occasronem,
1230 3628 1396 3793 puduit
1422 3729 1486 3780 ne·

266 3780 372 3892 fanda
398 3786 522 3861 caedes
548 3786 693 3884 Josuae,
725 3786 784 3861 cui
809 3783 959 3892 Bagosus
986 3788 1235 3898 pontificatum
1259 3799 1488 3891 promiserat,

243 3900 292 3980 ‘a
317 3884 424 3960 sratre
451 3882 636 3984 Johanne,
671 3902 861 3979 propterea
884 3899 996 3972 nato,
1037 3906 1075 3956 m
1104 3887 1184 3982 rpso
1211 3889 1303 3964 Tem
1330 3895 1368 3968 lo
1390 3894 1489 3969 inter

270 3988 387 4073 lam,
411 3999 632 4076 perpetrata:
658 4001 757 4076 quam
782 3980 892 4058 ultum
917 3975 986 4053 ivit
1003 3980 1174 4079 Bagosus,
1199 4003 1236 4056 et
1254 3987 1300 4082 Ju
1346 4012 1405 4064 eor
1429 3989 1485 4064 se·

197 4137 206 4155 .
267 4092 354 4155 vere
386 4071 559 4181 tractavit.
605 4077 766 4150 Durante
803 4075 922 4172 itaque
940 4098 1066 4182 ‚regno
1088 4079 1264 4155 Persarum
1289 4083 1414 4180 Judaei
1446 4087 1488 4163 in

265 4173 411 4264 servili,
435 4187 471 4244 et
487 4191 601 4247 rmnus
629 4170 815 4266 prospera,
842 4170 1051 4246 conditrone
1076 4173 1237 4251 suerunt:
1264 4202 1373 4277 quare
1401 4181 1491 4259 illud

267 4264 349 4353 enm
382 4283 486 4345 monte
510 4283 752 4356 comparatur,
794 4287 914 4340 coram
940 4265 1200 4362 Zerubbabeie,
1232 4277 1405 4372 populum
1430 4303 1490 4353 re·

156 4418 173 4456 -„
268 4363 531 4473 praesentante,
565 4358 817 4454 complanando
844 4357 949 4434 Zach.
976 4364 1043 4439 IV.
1077 4366 1170 4474 quod
1193 4366 1331 4469 incepit
1353 4372 1490 4470 anqua-

267 4485 370 4551 tenus
398 4459 487 4533 vivo
510 4453 768 4546 Zembbabele,
809 4475 889 4527 cum
914 4479 1062 4554 regnum
1093 4463 1174 4536 iliud
1202 4464 1237 4538 se
1262 4466 1488 4543 aedificatio-

267 4563 309 4647 ni
328 4555 476 4660 ¹Templi
506 4578 578 4637 non
608 4551 755 4658 amplius
786 4549 975 4655 opposuit,
1015 4553 1100 4653 quin
1126 4557 1267 4657 Iudaeis
1294 4560 1342 4656 in¹
1353 4584 1489 4739 ffi
