3575 5884
185 1000 191 1008 Α
296 1060 374 1174 til
642 1062 1046 1168 ostonafmusnnna
1059 1058 1111 1144 rr.
1139 1060 1182 1143 r.

304 1251 457 1357 phonit,
478 1250 600 1329 fraude
617 1250 901 1338 circumventus,
922 1245 1070 1338 incidit,
1087 1245 1527 1333 et'itesalieobtruncattls

302 1352 375 1444 eli,
409 1373 489 1425 cum
513 1372 589 1423 ann.
620 1368 662 1440 ry
689 1343 905 1442 praefuisset.
955 1345 1132 1443 Tryphon
1163 1342 1261 1419 enim
1284 1344 1468 1421 Antiocho
1497 1374 1523 1423 e

302 1448 424 1525 medio
457 1445 629 1531 tollendo,
672 1461 710 1515 et
733 1462 845 1536 regno
877 1439 1074 1537 capiendo,
1097 1440 1313 1530 ¹inminens,
1352 1441 1518 1613 ppnatha-

302 1562 406 1634 nem,
433 1541 539 1614 lidum
554 1552 594 1611 et
612 1537 842 1610 metuendum
869 1537 945 1633 ejus
962 1538 1135 1626 amicum,
1161 1556 1244 1611 ante
1261 1559 1350 1611 nece
1379 1540 1521 1614 eduxit

301 1636 542 1741 prosternere3
566 1634 662 1729 quod
687 1654 769 1707 curn
798 1635 836 1708 vi
855 1653 928 1706 non
952 1633 1085 1729 pollet,
1110 1632 1194 1705 dolo
1218 1630 1300 1707 usus
1314 1631 1395 1717 ,estt
1423 1657 1521 1716 coms

195 1740 210 1769 ‘
299 1735 391 1834 pulit
417 1730 513 1803 enim
538 1750 620 1803 eum
645 1730 689 1802 ad
714 1731 934 1817 exercitum,
960 1749 1054 1802 nunc
1079 1727 1243 1801 inutilem
1271 1728 1372 1825 regi,
1398 1728 1518 1803 dimit·

304 1828 471 1916 tendum,
514 1825 596 1899 dein
626 1826 875 1899 Ptolemaidem
909 1821 1023 1896 amice
1064 1842 1255 1899 evocatum
1286 1825 1521 1920 comprehen-

298 1922 371 2012 dit,
408 1941 446 1996 et
469 1922 658 2010 militibus,
693 1944 779 2018 quor
802 1921 918 1994 secum
942 1919 1089 1992 duxerat
1112 1919 1311 2016 Jonathau,
1341 1918 1424 1993 dolo
1452 1944 1518 1993 oc·

301 2019 400 2110 cisrs,
436 2018 549 2115 ipsum
599 2039 715 2113 unque
739 2016 859 2112 postea
884 2013 1038 2088 necavit.

305 2144 315 2174 ι
344 2114 377 2217 ᾗ
402 2115 585 2191 CCCCLX
624 2114 685 2189 lll.
720 2112 803 2283 on
828 2109 922 2185 satio
952 2091 1128 2207 Tryphon
1154 2108 1197 2182 ad
1222 2110 1377 2207 Judaeos
1399 2110 1517 2186 delen·

300 2211 365 2287 dos
388 2211 460 2284 sese
484 2209 663 2299 adcinxit,
687 2208 750 2282 hol
769 2209 846 2280 ibur
863 2226 1004 2302 quoque
1028 2227 1150 2277 eorum
1176 2203 1216 2278 in
1233 2204 1425 2282 Palaestina
1445 2208 1519 2281 ani·

298 2330 378 2383 mus
403 2305 540 2394 crevit,
567 2302 696 2401 Judaei¹
716 2328 803 2376 vero
829 2302 930 2387 valde
953 2299 1166 2373 consternati
1192 2298 1296 2390 suut,
1328 2301 1389 2377 sed
1414 2326 1434 2377 a
1458 2305 1516 2376 Sl·

298 2402 422 2479 MON
425 2402 453 2474 E
478 2400 607 2487 fratre,
657 2397 692 2470 ui
709 2398 834 2471 unicus
852 2397 896 2470 de
914 2393 1141 2470 Maccabaeis
1159 2394 1362 2492 supererat,
1387 2398 1516 2486 eresti,

298 2518 381 2573 eum
404 2494 617 2568 unanimiter
634 2422 770 2566 i)ucem
795 2491 968 2590 primum,
994 2491 1098 2580 dein,
1126 2491 1443 2588 Jonathanis'nece
1460 2520 1517 2568 au-

299 2593 393 2680 dita,
426 2614 564 2689 quoque
588 2588 798 2663 Pontificem
825 2590 1019 2686 elegerunt.
1067 2587 1181 2661 Prima
1213 2587 1290 2696 ejus
1318 2612 1403 2664 cura
1429 2591 1515 2681 fuit,

298 2688 507 2801 postquam-,-
539 2687 661 2784 legatis
688 2685 810 2787 missu,
829 2682 961 2758 soedur
979 2706 1065 2763 ,cum
1089 2685 1260 2758 Romanis
1283 2704 1324 2758 et
1346 2682 1517 2761 lacedae-

298 2784 708 2868 tnomis·renova'verat,
733 2772 1036 2878 Hierosolymam,
1063 2779 1127 2853 alia
1190 2777 1413 2873 ecivitator,
1436 2806 1515 2855 mu-

297 2876 439 2964 niendi,
466 2874 737 2964 ei‘excrcitum,
762 2898 846 2975 quo,
860 2874 1139 2973 Tryphoni-res
1172 2898 1232 2948 ere
1259 2894 1421 2972 poterat,
1445 2879 1516 2951 col·

297 2972 321 3049 li
349 2969 453 3043 endi:
479 2969 608 3043 obtulit
635 2993 772 3068 quoque
799 2970 1008 3058 Demetrio,
1033 2972 1145 3067 regno
1172 2973 1318 3066 expulso
1344 2996 1410 3071 per
1425 2975 1515 3049 Tru·

296 2996 476 3167 pionem,
511 3068 675 3140 auxilium
703 3068 745 3140 ad
770 3067 844 3163 ejus
869 3066 1150 3156 restitutionem,
1183 3084 1223 3138 ct·
1246 3070 1290 3140 ab
1316 3068 1397 3165 ipso
1419 3056 1515 3143 acc'e-

296 3162 354 3264 pit
378 3162 553 3235 lnculenta
578 3161 759 3259 promissa,
803 3183 869 3236 una
905 3185 985 3236 cum
1013 3161 1116 3235 titulo
1138 3160 1365 3238 Ethnarchae
1392 3165 1442 3240 sui
1462 3167 1516 3260 ju·

296 3262 378 3351 τῖες·
409 3280 446 3332 et
469 3285 489 3332 a
516 3260 657 3331 nemi-ne
692 3257 937 3354 dependentis.
986 3256 1085 3360 Quae
1118 3255 1290 3354 dignitas,
1333 3284 1401 3335 una
1434 3283 1512 3335 cum

295 3350 548 3446 Pontificatus',
569 3355 612 3428 in
637 3353 752 3452 ipsum-
773 3379 793 3431 a
818 3354 953 3450 populo
974 3352 1116 3453 Judaico,
1132 3355 1235 3451 paulo
1250 3354 1342 3451 po'st
1368 3356 1512 3430 solenni·

296 3463 354 3531 ler
381 3450 596 3553 ‘quodueest
621 3452 765 3538 collata,
796 3449 899 3540 ¹smnul
925 3447 967 3524 ad
993 3447 1153 3546 posteros
1176 3449 1414 3527 hacreditario
1438 3451 1513 3550 jure

295 3551 539 3641 tranferendo:
583 3547 720 3646 quando
754 3569 879 3643 magna
913 3568 992 3619 cum
1024 3568 1153 3642 pompa
1187 3543 1414 3643 inauguratus
1445 3549 1513 3640 est,

295 3646 461 3721 '1Macc.
487 3646 589 3718 XlV.
639 3644 721 3745 Quo
744 3642 795 3716 Ps.
821 3642 1013 3731 CXVlll.,
1049 3642 1164 3736 primo
1192 3640 1312 3731 sensu,
1350 3646 1455 3723 retuli
1478 3646 1513 3719 in

295 3745 496 3818 Commont.
522 3741 566 3813 ad
590 3739 641 3812 Ps.
691 3738 855 3812 Incubuit
880 3737 1007 3812 deinde
1033 3737 1120 3831 reip.
1146 3737 1311 3833 Judaicae
1327 3741 1514 3815 firmandae

293 3844 337 3912 'et
358 3834 632 3929 amplificandae.
680 3835 889 3924 Bethsurae,
926 3835 961 3905 in
998 3832 1166 3906 limitibus
1195 3833 1373 3929 Judaeae,
1407 3840 1511 3934 probe

292 3930 474 4029 munitae,
488 3927 709 4031 ‘praesidium
724 3930 881 4026 inposuit
898 3926 1137 4015 fortissimum:
1164 3931 1319 4025 Joppem
1336 3954 1508 4029 expugna·

294 4031 371 4121 vie,
400 4032 470 4113 et,
512 4023 661 4098 ciuiuus·
682 4025 849 4121 expulsis,
893 4048 1006 4100 novos
1045 4027 1189 4098 colonos
1221 4049 1266 4098 er
1292 4027 1437 4120 Judaeis
1467 4050 1508 4099 eo

294 4118 613 4209 transtulit,s1mul
639 4123 804 4214 palatium
828 4122 865 4196 in
892 4123 990 4194 suum
1017 4121 1066 4193 ibi
1086 4120 1257 4194 exstruxit
1280 4121 1392 4199 usum.
1444 4121 1509 4225 Qui

293 4218 395 4298 locus
422 4221 532 4293 abeo
558 4234 719 4310 tempore
753 4217 862 4291 sosius
894 4217 946 4290 est
978 4237 1100 4310 portus
1127 4217 1338 4305 maritimus,
1376 4239 1414 4293 et
1438 4244 1506 4293 em·

297 4316 438 4419 ponium
482 4310 699 4410 Judaeorum.
756 4311 927 4385 Similiter
968 4315 1164 4401 Gazaram,
1207 4313 1288 4387 alias
1318 4316 1506 4404 Gedaram,

324 4434 410 4506 rope
441 4411 615 4497 Azotum,
640 4406 701 4479 libi
727 4406 946 4497 vindicavit,
981 4407 1083 4483 idolis
1108 4410 1290 4505 purgavit,
1326 4430 1364 4485 et
1389 4410 1508 4508 praes·

289 4436 359 4601 ido
382 4506 521 4583 suorum
547 4502 721 4596 instruxit·
755 4525 773 4579 1
794 4504 914 4579 Mace.
948 4504 1052 4580 xlv.
1084 4524 1121 4578 et
1143 4506 1216 4603 Jos.
1249 4507 1337 4584 Ant
1361 4507 1507 4683 idlgill.

290 4622 304 4657 o
356 4626 363 4641 ·
425 4624 433 4672 .'
848 4672 861 4690 α
912 4670 929 4693 ι.
1472 4625 1510 4696 e,
