3575 5884
706 1166 1073 1288 ,1333313333
1465 1205 1518 1287 rr

321 1354 485 1430 'evicerunt
500 1353 640 1447 Docti,
657 1357 842 1448 11031333,
867 1356 1039 1447 Remu,
1063 1357 1151 1451 3111..
1182 1357 1270 1437 Voi
1285 1356 1514 1453 enirn-Heba.

320 1452 407 1524 rlium
428 1475 501 1526 non
524 1453 682 1527 admittit
704 1454 956 1555 fignificattun,
981 1478 1050 1528 nec
1074 1453 1277 1533 Historitus
1297 1455 1426 1553 aliquid
1441 1482 1514 1542 mo,-

322 1562 436 1636 norat,
476 1549 521 1621 ad
544 1549 650 1622 alium
673 1551 770 1623 usum
802 1549 1063 1641 definiendum,
1103 1554 1173 1627 nec¹
1202 1572 1273 1629 tam
1299 1572 1378 1627 tuto
1408 1553 1515 1637 latere

256 1690 259 1731 ,
322 1643 489 1743 potuiiiet,
532 1644 624 1718 stab
645 1645 825 1742 ejusmodi
848 1644 1052 1731 hominibus
1085 1648 1184 1723 cibus
1216 1644 1333 1727 1311133
1362 1646 1491 1722 adlatus
1498 1672 1515 1739 5

256 1736 259 1761 '
321 1762 377 1811 uec
396 1759 478 1813 tunc
509 1741 649 1815 neceiie
672 1740 843 1815 habuiffet
866 1741 959 1838 apud
991 1756 1186 1835 torrentem
1207 1744 1366 1833 13313333,
1398 1766 1515 1838 eoque

320 1833 495 1943 31133330,
518 1835 719 1932 discedere,
744 1860 826 1911 cum
840 1861 950 1936 aeque
967 1856 1083 1935 potare
1106 1865 1148 1915 ac
1174 1837 1290 1916 cibare
1314 1840 1425 1938 ipsum
1448 1862 1515 1936 po,-
1563 1910 1566 1917 .

318 1948 443 2004 tuerint.
714 1980 718 1987 ·
802 1984 811 1994 .
904 1988 935 1997 ..
1144 1973 1147 1979 -
1490 1981 1492 1985 -
1545 1995 1548 2001 .

318 2038 321 2043 ·
355 2025 381 2124 i.
403 2028 585 2101 LXXXII.
624 2028 752 2105 Fluvio
780 2028 840 2103 sub
864 2030 967 2127 finem
999 2020 1120 2115 dietum
1145 2016 1241 2103 svers.
1264 2050 1302 2196 Ξ.
1325 2026 1513 2124 'incertum
1558 2081 1560 2085 -

314 2122 401 2214 mot?
440 2125 551 2220 vulgo
580 2123 722 2220 quidem
751 2130 852 2199 unius-
878 2130 978 2213 anni,
1015 2124 1088 2197 fine
1120 2123 1256 2201 solido¹
1280 2125 1492 2213 undamento

316 2218 405 2311 'im'
431 2223 497 2293 dies
528 2242 596 2315 pro
626 2244 720 2294 3330
742 2220 831 2295 sumi
862 2220 951 2292 mihi
977 2242 1049 2292 303
1080 2219 1244 2309 constat,
1285 2219 1348 2293 311
1382 2180 1514 2317 3113311

314 2313 462 2405 addatur,
494 2315 588 2388 unde
610 2311 840 2487 1133331331ῑέ
865 2315 1062 2404 3131133330,
1096 2315 1321 2412 literaeque
1372 2335 1451 2389 otus
1471 2338 1514 2389 33

316 2406 452 2484 cibur'ei
476 2411 681 2507 mimoriose
697 2412 803 2509 potui
832 2430 870 2484 et
900 2409 1134 2508 suppeditari,
1175 2413 1274 2487 Deus
1298 2339 1431 2503 voiirit,
1472 2429 1515 2498 33

310 2500 385 2577 inde
404 2506 447 2579 ad
470 2510 603 2581 viduam
621 2510 706 2581 Sare
734 2506 942 2581 3333311313
967 2506 1166 2598 conferret,
1201 2505 1349 2604 partim,
1375 2508 1512 2583 33103·

309 2599 381 2769 {ius
398 2601 599 2693 secederet,
631 2627 677 2678 ne
701 2530 794 2679 iirrte
818 2603 966 2700 p'enuria
986 2627 1093 2698 aquae
1118 2601 1266 2692 excitati
1288 2602 1452 2677 homines
1474 2600 1529 2694 in.

303 2790 307 2797 ,
336 2696 409 2771 1133
432 2695 632 2795 inciderent
641 2708 657 2790 ᾗ
685 2720 726 2775 ut
748 2722 814 2798 cap
850 2696 920 2795 seq.
946 2696 1082 2771 fatium.
1097 2698 1265 2794 legimus,
1290 2700 1440 2793 partim,
1473 2712 1513 2770 ut

297 2791 377 2961 ¹fine
389 2793 517 2868 viduae
529 2793 768 2892 alienigenae,
787 2793 981 2893 praeterito
997 2793 1144 2883 lsraeie',
1163 2813 1325 2889 tanquam
1341 2793 1512 2890 indigno,

317 2910 534 2978 3333133333,
561 2914 706 2986 eamque
730 2896 813 2964 cum
834 2890 942 2962 domo
966 2888 1094 2980 aleret,
1120 2914 1189 2986 quo
1213 2887 1304 2985 quasi
1328 2887 1511 2963 vocationi

286 2984 458 3154 “flentium
480 2985 548 3059 fuit
574 2986 776 3082 praelusum.
825 2983 939 3058 131113
963 2985 1059 3057 enim
1081 2989 1255 3080 gentilem,
1282 2983 1365 3059 licet
1389 3009 1408 3057 3
1433 2981 1511 3075 veri

292 3112 297 3119 ·
336 3080 368 3152 ei
398 3082 492 3154 cuitu
515 3104 589 3155 303
619 3083 786 3172 alienam,
828 3105 874 3154 ex
905 3082 991 3154 Luc.
1018 3084 1086 3155 IV:
1115 3087 1171 3154 26.
1196 3100 1246 3158 ¹et
1272 3077 1512 3178 1313131033

291 3177 476 3266 elucescit,
503 3176 663 3268 Jeiora'm
687 3179 782 3250 enim
805 3176 951 3273 adpellat
969 3178 1087 3249 Deum
1110 3179 1227 3266 Eliae,
1244 3196 1415 3272 ,tanquam
1434 3176 1510 3248 113·
1551 3235 1554 3253 ,

287 3273 409 3363 ‘brat-i,
434 3293 471 3345 et
489 3273 662 3347 habitavit
677 3275 834 3370 Sareptae
850 3271 1096 3361 Sidoniorum,
1123 3272 1210 3378 quae
1227 3272 1327 3347 inter·
1339 3272 1510 3355 Sidonem

294 3390 332 3443 et
355 3371 496 3466 Tyrum
526 3369 642 3444 media
664 3386 758 3462 erat,
801 3365 1031 3442 afundendis
1060 3367 1182 3458 vitris,
1224 3370 1281 3441 vel
1316 3365 1511 3447 conflandis

284 3465 440 3538 metallis
467 3470 598 3537 nornen
624 3462 742 3555 natta,
773 3463 913 3561 optimo
938 3485 1075 3558 quoque
1100 3463 1187 3536 vino
1212 3461 1371 3534 celebris.
1421 3466 1509 3532 Cum

289 3559 355 3633 'hic
376 3560 574 3657 a'iiquandiu
605 3560 786 3649 versatur,
827 3577 865 3632 et
889 3558 1093 3631 miraculose
1123 3581 1143 3628 3
1168 3552 1273 3628 vidua
1304 3554 1511 3631 sustenturus

288 3655 399 3746 esset,
426 3658 601 3730 incertum
617 3655 724 3729 etiam
748 3657 923 3750 quamdiu?
939 3677 1030 3730 -cum
1053 3651 1089 3725 in
1114 3674 1245 3747 genere
1272 3670 1404 3726 tantum
1426 3653 1513 3739 ΟΨ
1552 3740 1554 3745 ,

281 3757 362 3831 ries
396 3762 635 3824 memorentur
666 3776 701 3825 v.
732 3774 787 3840 15.
821 3748 975 3823 funestus
1009 3745 1139 3819 accidit
1171 3747 1266 3828 33133
1298 3746 1421 3821 mortis
1447 3740 1512 3825 11111

278 3846 443 3935 -viduae,
474 3847 531 3920 sed
557 3846 616 3943 qui
648 3847 690 3919 ad
714 3846 812 3919 Eli'ae
837 3843 1063 3921 autoritatem
1094 3843 1366 3943 confirmandam
1392 3844 1511 3933 331113,
1551 3924 1554 3929 ,

277 3961 440 4017 =mortuo
461 3967 524 4038 per
550 3944 559 4013 i
588 3939 908 4026 sum'tesuscitat03
948 3963 983 4013 v.
1000 3943 1122 4030 '1,7.·.·
1156 3938 1226 4044 Qui
1253 3939 1428 4035 singularis
1452 3962 1508 4008 ca-

279 4040 343 4113 ¹sus
359 4040 471 4111 verbo
495 4037 787 4111 3111131133ηά33.
837 4037 961 4118 Mater,
975 4053 1088 4105 morte
1105 4033 1169 4111 filii
1194 4034 1341 4122 nimium
1359 4033 1507 4106 conmis-

292 4155 383 4223 tata,
410 4135 447 4215 in
470 4133 618 4229 aliquam
642 4157 722 4227 cum
747 4128 823 4229 Elia
848 4126 966 4224 erupit
991 4122 1327 4224 expostulationem,
1352 4127 1416 4200 acsi
1438 4153 1509 4204 303

283 4230 341 4303 331
359 4226 673 4318 benefaciendum,
697 4226 737 4301 ut
761 4227 874 4302 visum
890 4223 939 4297 'in
963 4223 1073 4299 initio
1094 4223 1229 4315 fuerat,
1248 4223 1425 4313 veniffet,
1452 4224 1511 4299 sed

289 4323 336 4400 ad
359 4323 565 4398 memoriam
580 4322 720 4423 peccati
743 4320 1000 4409 renovandam,
1025 4338 1063 4394 et
1078 4319 1114 4393 se
1129 4321 1166 4393 in
1184 4320 1259 4394 filio
1274 4317 1510 4426 puniendum,

277 4422 450 4517 *adeoque
474 4441 514 4493 ut
532 4445 596 4516 per
619 4439 689 4492 tam
714 4418 862 4492 santum
884 4416 1090 4513 personam,
1114 4416 1208 4497 adse
1234 4411 1387 4507 3311313,
1408 4439 1511 4503 tom-

262 4516 388 4591 331113
422 4515 481 4588 sua
506 4514 810 4595 manifestarentur
835 4534 873 4589 et
899 4509 1180 4587 vindicarentur:
1208 4506 1303 4582 vsicut
1326 4512 1423 4583 Deus
1443 4529 1514 4602 per

280 4613 486 4716 &prophetas
509 4609 645 4709 rtfirare
669 4608 1125 4783 censebamukpeccatorer.
1172 4607 1262 4685 Cum
1276 4629 1372 4712 vvero
1405 4603 1516 4774 filifim

931 4726 956 4804 3
1332 4719 1451 4799 recept
1484 4720 1524 4779 et
