3575 5884
1261 1268 1271 1277 ·
1456 1236 1765 1325 Pata„
1807 1238 2094 1353 Qum.
2255 1220 2272 1241 '
2881 1264 2984 1349 ῃ

602 1420 763 1500 enim
802 1442 873 1500 et
912 1420 1159 1519 lembi,
1218 1422 1539 1529 respeRu
1580 1422 1910 1505 eraffitiei
1959 1422 2196 1503 seeum
2243 1408 2676 1527 comparati,
2741 1426 2830 1505 ad
2867 1432 2992 1531 Ju-

596 1546 741 1619 gum
760 1580 779 1613 ,
826 1544 899 1597 et
930 1546 1147 1615 onm,
1190 1526 1417 1625 mgis
1448 1526 1765 1603 minusve
1795 1544 2016 1623 grave
2047 1542 2122 1597 et
2151 1524 2480 1615 densum,
2531 1522 2828 1599 omnino
2873 1550 2986 1603 re·

592 1620 898 1715 lpiciunt,
950 1642 1027 1693 et
1068 1620 1421 1697 referendi
1470 1622 1669 1713 sunt,
1732 1638 1812 1694 et
1857 1640 2049 1708 non,
2097 1642 2176 1723 ut
2221 1620 2462 1719 pallini
2509 1640 2836 1719 putamr,
2899 1622 2990 1699 td

582 1712 975 1811 potestatem
1022 1735 1098 1789 et
1142 1718 1633 1809 autoritatem,
1694 1736 1781 1791 ut
1815 1738 1906 1789 ex
1955 1734 2026 1790 v.
2087 1736 2198 1791 11.
2249 1736 2326 1789 et
2375 1716 2500 1790 res
2581 1716 2708 1791 nso
2755 1716 2988 1815 tegis,

580 1832 643 1883 v.
696 1834 801 1901 14.
862 1810 1309 1885 manifestum
1372 1808 1555 1911 est:)
1636 1832 1699 1887 et
1748 1836 1892 1887 trem
1941 1808 2144 1885 Pater
2185 1836 2300 1885 ros
2327 1810 2610 1909 scamis
2659 1810 2988 1911 (flagello

576 1926 854 1994 urente3
898 1904 1047 1980 rad.
1078 1906 1267 1981 enim
1314 1902 1477 1985 mv
1518 1906 1808 2006 proprie
1839 1904 2018 1979 dicit
2039 1961 2062 1997 ,
2109 1930 2298 1979 urere
2316 1961 2339 1995 ,
2385 1908 2656 1983 urendo
2691 1904 2984 2007 lat-dm)

566 2024 673 2097 ego
682 1998 1127 2097 scorpionibus
1158 2000 1415 2103 (virg-is
1460 2004 1792 2079 audeatis
1809 2058 1832 2093 ,
1879 1996 2098 2076 instar
2142 2000 2638 2098 scorpionum3
2685 2003 2986 2081 denotat

562 2094 747 2169 enim
794 2096 1015 2199 ἏἸΡΡ
1058 2098 1407 2197 flagellum
1524 2122 1723 2196 agens
1754 2116 1834 2171 et
1863 2092 2200 2193 lacerans)
2235 2094 2562 2193 castigabo
2595 2096 2706 2195 (h.
2739 2124 2806 2174 e.
2837 2094 2978 2175 dir-

556 2188 887 2289 eiplirmn
920 2212 1417 2285 coercentem,
1520 2216 1663 2293 nge
1694 2190 2165 2281 severiorem,
2201 2212 2408 2287 quam
2427 2194 2668 2279 Pater,
2704 2192 2978 2269 institu-

558 2310 709 2375 am,
758 2306 834 2359 et
860 2286 1133 2364 acriora
1158 2286 1507 2365 mediaad
1538 2312 1715 2389 opus
1760 2284 2277 2385 peragendum,
2326 2308 2410 2361 ac
2455 2310 2670 2361 onera
2697 2304 2982 2383 portan-

554 2384 649 2455 da
674 2378 1083 2477 adhibebo.)
1402 2406 1551 2459 non
1584 2407 1678 2457 eo
1708 2376 2048 2473 tendunt,
2097 2400 2178 2455 ut
2206 2379 2706 2472 declararetur,
2759 2386 2854 2479 po
2951 2418 2985 2441 ·

556 2478 711 2549 lum
748 2494 891 2551 tam
930 2474 1177 2552 severe
1218 2502 1261 2555 a
1300 2500 1471 2579 rege
1518 2478 1658 2557 ess'e
1704 2474 2136 2552 meandum
2157 2532 2179 2567 ,
2229 2474 2280 2550 fi
2329 2476 2470 2553 lese
2517 2478 2792 2575 placide
2827 2478 2984 2552 lub-

558 2570 829 2663 mittat,
878 2590 961 2645 nt
1008 2572 1217 2651 facile
1260 2574 1613 2664 cernitur,
1658 2573 1780 2651 sed
1825 2592 1946 2663 ut,
1993 2570 2302 2647 animum
2351 2574 2595 2685 populi
2645 2574 2980 2651 rebellem

564 2666 690 2741 fibi
728 2668 953 2763 probe
1002 2666 1143 2742 ess'e
1188 2670 1667 2769 perspestum,
1720 2688 1798 2743 et
1829 2666 2258 2767 petitionem
2305 2690 2456 2765 ejus
2489 2668 2750 2742 nudum
2780 2690 2983 2763 prat*

560 2782 831 2837 textmn
854 2818 876 2851 ,
942 2758 1361 2861 significaret
1408 2768 1612 2855 Rex,
1647 2784 2077 2933 dpraeterea,
2125 2782 2206 2835 ut
2239 2784 2379 2873 per
2421 2762 2646 2840 minas
2689 2784 2852 2837 eum
2896 2760 2984 2841 ad

562 2856 1071 2955 subjeffionem
1102 2860 1556 2960 compelleret
1576 2914 1598 2949 ,
1696 2858 1949 2957 enique
1979 2876 2372 2953 potentlam
2401 2882 2482 2929 ac
2513 2855 2837 2931 fiduciam
2873 2858 2979 2933 su·

556 2974 675 3027 am
712 2952 1043 3047 jae'taret,
1132 2978 1265 3051 qua
1306 2956 1595 3030 rebelles
1640 2951 1845 3028 facile
1895 2955 2100 3051 polilt
2146 2952 2218 3027 in
2267 2950 2584 3027 ordinem
2634 2952 2978 3051 redigere,

564 3070 633 3142 3.
684 3045 1009 3143 Denique
1060 3050 1348 3125 seniores
1393 3050 1775 3161 prudenter
1823 3046 2245 3147 perspexiss'e
2287 3049 2656 3135 videntur,
2723 3050 2984 3125 multos

558 3144 755 3216 inter
800 3142 934 3216 reli
984 3166 1103 3218 uas
1148 3145 1286 3219 ess‘e
1334 3148 1591 3235 tribuS,
1720 3144 1793 3217 ui
1840 3140 2216 3217 rebellandi
2269 3142 2503 3217 animo
2552 3166 2695 3215 non
2741 3144 2980 3235 ducti,

714 3236 935 3311 saffio
969 3264 1047 3313 os
1076 3262 1159 3314 ea
1194 3263 1483 3315 onerum
1528 3240 1761 3339 specie
1814 3238 2345 3327 deludebantur,
2395 3238 2706 3333 adeoque
2743 3238 2976 3313 Reba-

552 3262 805 3409 ξὲἑῐηο
840 3332 1045 3405 facile
1081 3334 1570 3426 devinciendi,
1622 3355 1695 3408 et
1740 3335 1818 3407 in
1863 3334 2010 3429 ejus
2051 3351 2282 3429 partes
2326 3332 2685 3421 trahendi,
2739 3332 2786 3407 st
2823 3334 2976 3431 spe·

556 3426 784 3503 ciosus
814 3426 1378 3524 iste'praetextus
1418 3426 1807 3516 auferatur,
1857 3448 1930 3500 et
1967 3429 2125 3501 Rex
2168 3426 2309 3501 sese
2361 3426 2741 3589 beniffnum
2775 3450 2978 3523 prae-

558 3524 725 3597 beat
750 3544 833 3595 ac
864 3523 1129 3597 mitem.
1302 3549 1391 3597 uo
1439 3550 1509 3599 v.
1599 3583 1614 3597 .
1653 3524 1774 3598 res
1813 3522 2073 3612 icium,
2125 3520 2484 3604 dicentes3
2565 3520 2776 3593 1Rex
2808 3526 2979 3593 bona

568 3615 763 3725 daret
804 3620 1054 3710 verba,
1136 3618 1467 3695 Israelitas
1527 3546 1679 3692 gire
1729 3550 1959 3725 sgr-ror
2015 3616 2198 3713 regis
2259 3636 2372 3781 lm
2437 3636 2613 3720 omne
2675 3633 2978 3723 temptesg

565 3732 734 3809 quia
772 3712 1065 3787 maxima
1110 3736 1270 3812 pars
1314 3713 1557 3812 populi
1605 3738 1749 3789 non
1799 3712 2043 3809 spiritu
2090 3712 2256 3781 rebe
2283 3708 2505 3798 laudi,
2588 3708 2701 3783 sed
2755 3714 2976 3785 tribu·-

566 3825 809 3878 torum
840 3828 911 3879 et
940 3832 1227 3883 onerum
1278 3810 1727 3884 levandorum
1776 3808 1895 3904 spe
1945 3806 2342 3879 ducebatur.
2439 3802 2751 3897 Juniores
2795 3828 2977 3881 vero

560 3900 915 3975 senatores
942 3902 1125 3978 inter
1153 3924 1591 4001 praetextum
1620 3902 2068 3977 faetiosorum
2089 3956 2108 3989 ,
2160 3920 2234 3975 et
2249 3898 2548 3995 reliquae
2583 3899 2974 3973 multitudi-

562 3997 671 4070 nis
700 3994 1005 4088 animos,
1039 4024 1183 4072 non
1214 3999 1676 4073 distinxerunt
1696 4053 1717 4087 ,
1770 3996 1883 4069 sed
1904 4050 1926 4085 ,
1965 4016 2052 4069 ex
2084 3996 2334 4069 eodem
2365 3994 2736 4069 rebellandi
2769 3992 2976 4091 spiri·-

564 4108 641 4164 tu
686 4093 771 4165 ab
804 4094 1125 4167 omnibus
1173 4117 1325 4167 eam
1356 4094 1509 4165 fieri
1560 4091 2023 4211 Potitioncm‚
2072 4090 2146 4163 in
2197 4092 2524 4163 rudente-r
2547 4090 2974 4188 judicarunt.

698 4245 713 4259 .
760 4188 925 4261 LV.
994 4188 1279 4262 Saniora
1330 4188 1505 4263 haec
1550 4186 1916 4261 beniorum
1964 4184 2148 4258 cons
2179 4186 2282 4275 ia,
2345 4208 2517 4281 quae
2561 4188 2604 4259 s
2642 4204 2809 4257 onte
2859 4186 2978 4263 sun

574 4278 641 4352 se
670 4306 707 4353 e
756 4283 1387 4373 commendassent,
1436 4283 1485 4356 fi
1524 4284 1685 4355 Rex
1732 4280 1967 4356 fuiss'et
2012 4281 2280 4379 sapiens
2323 4304 2406 4354 ac
2437 4304 2566 4377 pru
2617 4302 2779 4369 em,
2833 4302 2974 4355 nee

568 4373 665 4447 ita
706 4400 925 4472 aeque
972 4401 1057 4450 ac
1104 4378 1431 4477 Juniores
1476 4378 1852 4468 animatus,
1931 4376 2159 4473 spreta
2199 4377 2398 4465 sunt,
2467 4378 2628 4447 Deo
2679 4377 2976 4473 permit-

564 4488 757 4543 tente
803 4492 879 4545 et
924 4496 1077 4545 rem
1139 4474 1238 4547 ita
1303 4472 1691 4569 dirigente,
1772 4492 1854 4547 ut
1893 4471 2237 4569 judicium
2293 4468 2644 4543 Salomoni
2711 4470 2986 4545 denun-

562 4566 854 4655 ciatum,
906 4590 989 4640 ae
1026 4566 1189 4640 inde
1222 4588 1453 4642 ortum
1484 4566 1931 4665 promissum,
1981 4570 2404 4667 Jeroboamo
2449 4562 2723 4653 datum,
2777 4560 2978 4637 exse·

561 4660 827 4741 cationi
874 4662 1359 4760 mandaretur,
1426 4686 1497 4741 v.
1558 4684 1666 4757 15.
1722 4664 1832 4779 l3is
1875 4662 2156 4746 verbisz
2235 4684 2352 4742 nec
2403 4666 2648 4739 audivit
2693 4682 2814 4731 rex
2857 4678 2984 4753 po-

1706 4762 1773 4831 (J
1829 4780 1868 4832 2
2715 4756 2935 4853 pulum
2957 4802 2993 4857 ρ
3137 4820 3243 5058 I
