3575 5884
632 1144 656 1159 ··
728 1121 886 1202 remen
908 1118 1066 1222 Septima.
1431 1140 1511 1224 m

282 1290 464 1391 historia,
477 1320 524 1379 ex
546 1319 625 1376 mea
646 1319 785 1400 quoqne
809 1301 1006 1398 opinione,
1034 1299 1315 1395 habendus·est‚
1337 1321 1377 1379 et
1404 1305 1503 1402 Jose·

278 1401 358 1505 pho
382 1419 523 1495 qnoque
547 1396 590 1473 ad
619 1418 740 1471 manus
763 1395 855 1486 luit,
884 1396 1090 1490 confertus,
1116 1419 1156 1473 ut
1182 1400 1345 1490 videtur,
1370 1423 1416 1477 ex
1443 1425 1504 1473 an-

280 1500 448 1584 nalibus,
489 1492 548 1569 seu
580 1489 867 1590 ephemeridibus
897 1493 1080 1592 publicis;
1123 1498 1216 1592 quod
1253 1499 1301 1596 de¹
1333 1493 1506 1593 Johannia

282 1589 449 1691 Hyrcani
487 1585 592 1687 gellis
623 1585 754 1661 diserte
788 1586 935 1663 testatur
970 1607 1074 1665 autor
1103 1612 1137 1665 c.
1164 1593 1267 1672 XVI:
1304 1615 1361 1684 24.
1419 1593 1508 1667 Nee

281 1682 483 1793 aliquidin
508 1707 554 1759 eo
581 1683 759 1772 occurrit,
786 1682 881 1781 quod
906 1684 996 1761 hanc
1018 1690 1302 1785 praerogativam
1329 1686 1507 1775 destruat;

281 1782 458 1860 licetine
483 1779 556 1855 illic
583 1778 683 1888 ,forte
715 1779 826 1887 lapsus
848 1778 959 1855 fuerit
985 1800 1109 1873 autor,
1177 1783 1285 1880 nippe
1311 1784 1504 1873 humanus,

286 1903 359 1956 non
375 1875 537 1965 divinus,
555 1897 631 1961 var,
657 1896 736 1949 mo
762 1874 962 1969 inionibus,
982 1896 1019 1951 et
1036 1878 1140 1955 rebus
1192 1903 1419 1970 omniorum,
1443 1897 1505 1958 ant

283 1976 459 2083 aliorum3
479 1971 538 2081 sed
568 1968 692 2078 qnibns
706 1900 794 2045 fiies
820 1969 857 2045 in
868 1971 1086 2082 Judaeotnm
1110 1973 1185 2083 ejnr
1207 1977 1378 2072 temporit
1392 1973 1503 2053 histo·

282 2075 338 2150 ria
372 2070 524 2170 infringr
555 2084 690 2161 neant.
746 2067 811 2141 Ne
841 2066 956 2142 dream
989 2068 1157 2164 disputari
1190 2071 1308 2167 poste,
1348 2093 1504 2149 numm

285 2171 300 2242 '1
327 2167 369 2242 sis
403 2163 470 2243 illis
501 2164 603 2239 rebus
634 2158 744 2237 fuerit
776 2161 1031 2252 hallucinatus,
1074 2163 1217 2261 dequo
1253 2166 1323 2263 legi
1347 2185 1508 2243 meretur

285 2196 473 2343 liberiore
489 2255 644 2335 Gentilis
670 2254 709 2330 in
732 2255 902 2355 peculiari
925 2258 1117 2351 distentat„
1138 2261 1261 2339 Bibliia
1279 2260 1423 2341 Criticis
1448 2260 1506 2340 in·

283 2364 389 2436 serta.
573 2368 584 2387 ⁸

333 2455 367 2556 i
392 2449 661 2531 CCCCLXXII.
685 2447 851 2525 Secundus
875 2470 964 2527 vero
995 2447 1087 2525 liber
1112 2448 1166 2526 est
1194 2456 1329 2549 epitome
1355 2456 1503 2532 Macca-

286 2559 459 2640 haeorum,
484 2563 525 2620 ut
545 2568 569 2623 a
587 2545 698 2622 clem.
721 2543 825 2619 Alex.
851 2545 920 2620 Str.
946 2546 968 2619 l
995 2545 1044 2621 V.
1067 2544 1280 2646 adpellatur,
1306 2554 1506 2646 erquinque

288 2649 382 2724 libris
406 2643 549 2740 alicujus
572 2639 707 2752 Jasonia
732 2639 927 2739 Cyrenaei,
960 2640 1097 2717 Graece
1124 2641 1282 2736 scriptia,
1319 2644 1509 2734 conscita,

287 2769 319 2821 c.
347 2744 396 2818 11:
422 2764 483 2839 23·
503 2738 548 2815 ab
571 2753 720 2841 incerto·
738 2753 884 2842 antore,
908 2758 955 2813 eo
980 2734 1108 2832 scopo,
1140 2754 1179 2811 ut
1203 2736 1348 2817 historia
1371 2739 1509 2837 Judae,

286 2863 326 2914 et
344 2839 516 2922 fratrum,
546 2830 802 2911 instauratronrs
826 2830 1023 2923 sacrorum,
1048 2831 1260 2929 praeliorum
1278 2858 1357 2912 eum
1376 2834 1509 2917 Antio·

287 2936 361 3013 cho
394 2922 600 3031 limpham,
640 2925 782 3027 ejusque
811 2926 886 3005 lilio
911 2918 1113 3025 Eupatote,
1139 2948 1189 3034 ‘et
1223 2930 1397 3027 signorum
1422 2957 1509 3012 coe·

288 3029 457 3113 lestium,
487 3040 559 3096 etc.
589 3025 792 3100 traderetur.
841 3024 981 3098 Interea
1014 3023 1196 3119 praemtffa
1228 3027 1329 3119 sunt,
1368 3043 1512 3127 praeter

292 3127 380 3199 duas
403 3116 562 3217 epistolar
590 3120 632 3199 ab
659 3116 994 3218 Hierosolymitania
1015 3119 1061 3195 ad
1081 3119 1360 3214 Alexandrinos,
1403 3146 1441 3205 et
1462 3126 1508 3207 ad
1633 3194 1635 3199 ,

290 3217 553 3305 Aristobulnnt,
597 3232 839 3310 raeceptorern
855 3214 1067 3305 Ptolemaei,
1083 3214 1250 3312 scriptae,
1268 3219 1313 3297 de
1331 3221 1512 3302 celebran-

289 3320 339 3393 do
365 3312 456 3389 festo
475 3240 734 3423 puriliieationis·
762 3311 909 3422 Templi
930 3335 994 3409 per
1017 3310 1383 3421 Juehnt,·nonrtnlla.
1419 3340 1507 3421 qnae

291 3431 374 3490 ante
403 3409 545 3483 initrum
571 3410 653 3480 lrbrr
680 3430 786 3502 prrmr
812 3428 1055 3505 contrgerant,
1080 3431 1204 3507 prrmn
1229 3412 1381 3505 quinque
1406 3430 1508 3516 capt·

290 3510 386 3585 tibus
410 3502 684 3603 comprehensa,
709 3523 747 3577 et
769 3502 900 3600 aliqua,
923 3504 967 3578 ad
992 3525 1128 3598 ternpus
1152 3504 1331 3580 Demetrii
1351 3506 1508 3599 Soteris,

293 3602 494 3681 successoris
510 3598 717 3697 Eupatoris,
745 3599 980 3697 pertinentia,
1006 3596 1185 3692 subjunfta
1201 3599 1281 3675 sunt
1302 3600 1439 3679 duobus
1455 3606 1507 3683 nl-

294 3699 393 3777 timis
407 3697 596 3795 capitibus:
624 3717 711 3790 quae
727 3694 963 3769 additamenta
988 3693 1158 3782 alinnne,
1183 3717 1227 3773 an
1247 3698 1419 3790 eundem,
1446 3700 1512 3777 ha·

293 3802 402 3874 beant
427 3814 603 3880 autorem,
630 3790 743 3865 minus
767 3790 934 3888 liquidum
951 3787 1013 3864 est.
1061 3792 1226 3867 Ceterum
1248 3791 1333 3873 licet
1353 3797 1509 3893 ejusdem

293 3891 405 3969 fuerit
437 3889 532 3962 inter
561 3887 714 3961 Veteres
748 3886 964 3963 Christianos
998 3883 1195 3962 autoritatis
1227 3911 1268 3969 ae
1300 3891 1433 3988 primus
1464 3895 1507 3972 li.

294 3993 383 4077 be'r,
422 3984 516 4058 forte
543 4002 661 4056 tamen
692 3981 838 4055 minoris
869 3983 1011 4057 videtur
1033 3979 1235 4074 faciendus,
1276 3988 1434 4086 quamvis
1460 4013 1510 4065 ex

296 4108 377 4159 mea
400 4106 423 4154 o
452 4079 572 4154 inione
596 4076 701 4151 etiam
726 4078 921 4167 maximae,
946 4077 1036 4152 adeo
1062 4079 1160 4155 utin
1185 4081 1252 4161 lrac
1276 4086 1514 4163 araceabaeo·

294 4206 375 4257 rum
399 4173 544 4251 historia
568 4173 611 4247 fit
631 4173 803 4248 continuo
834 4172 1086 4265 consulendus,
1104 4197 1144 4253 et
1167 4202 1250 4259 curn
1273 4181 1389 4276 primo
1416 4177 1510 4263 libro

296 4299 341 4352 ac
385 4271 444 4347 ose
470 4270 518 4343 ho
545 4268 787 4344 conferendus.

346 4276 691 4476 icgqcnxxffl.
718 4368 843 4442 Forma
859 4364 1042 4467 regiminis
1068 4391 1148 4449 cnm
1172 4364 1515 4472 Politice-Ecclesra.

297 4465 387 4543 ilica
402 4463 532 4550 luerit,
559 4462 698 4559 ejusque
725 4461 855 4538 summa
918 4490 978 4541 net
993 4464 1211 4542 Etlrnarclras
1227 4485 1400 4557 primum,
1425 4464 1515 4545 dein

298 4565 442 4662 Reges,
462 4558 559 4636 limnl
574 4557 786 4658 Pontifices,
811 4579 877 4727 eto
888 4561 1099 4745 {iedffum'
1120 4564 1188 4641 nac
1205 4557 1356 4655 periodo
1374 4580 1522 4756 Orsiiile:

1563 4946 1607 5057 Δ
