3575 5884
239 600 1610 957 ..-

642 1178 674 1195 ·-
754 1126 909 1209 Mada}
932 1128 1069 1209 derra...
1442 1146 1518 1247 ,θ’

269 1319 385 1407 'darm
419 1333 525 1391 muro
551 1284 784 1411 cingendam,
809 1331 847 1389 et
871 1312 1057 1389 civitatem
1083 1309 1310 1391 ordinandam
1333 1314 1424 1410 eise,
1448 1319 1514 1401 sod·

281 1418 322 1492 in
348 1410 503 1510 angustia
526 1429 748 1507 temporum,
773 1410 932 1507 adeoque
956 1408 1052 1483 inter
1077 1410 1173 1485 varia
1195 1410 1371 1509 pericula,
1396 1435 1434 1489 et
1451 1416 1506 1493 in·

281 1512 475 1589 commoda
500 1507 585 1598 alia,
611 1506 758 1581 durante
779 1507 894 1581 adhuc
921 1503 1116 1601 mutiplice
1144 1508 1296 1677 ppellura
1317 1528 1355 1583 et
1382 1510 1511 1587 adflic·.

284 1610 401 1684 tione.
452 1606 510 1679 De
536 1604 633 1699 cujus
656 1603 877 1701 inplemento
902 1626 948 1676 ex
970 1602 1073 1698 supra
1106 1601 1142 1675 di
1180 1602 1209 1679 is
1231 1602 1378 1681 constat.
1426 1608 1505 1684 Vo·

283 1730 346 1780 ces
369 1701 467 1776 enim
493 1724 514 1795 7
537 1700 803 1788 hebdomadibus,
826 1701 884 1773 vel
910 1720 956 1771 ex
978 1697 1315 1795 praecedentelunt
1340 1722 1514 1800 repetem,

285 1805 373 1890 dae,
400 1800 460 1872 vel
476 1795 613 1871 censeri
642 1797 773 1871 debent
793 1796 874 1869 loco
896 1814 1036 1884 motae,
1062 1794 1206 1870 acnuic
1223 1797 1437 1896 pericopae,
1461 1801 1507 1889 de

285 1893 508 1972 instauranda
518 1890 787 1990 Hierosolyma,
805 1890 1104 1989 praemittendae,
1123 1890 1173 1965 ita
1190 1913 1229 1965 ut
1248 1895 1438 1970 sermolrac
1452 1921 1506 1972 ra·

284 1996 389 2068 tione
416 1990 599 2063 decurrat:
639 1990 693 2061 Aa
719 1990 812 2061 caira
840 1993 930 2062 verbi
953 1991 991 2060 de
1015 1988 1255 2084 reaedificanda
1278 1991 1516 2090 Hierosolyma.

276 2091 490 2190 septimanae
503 2085 652 2179 septen,
677 2088 789 2179 quibus
805 2086 1068 2179 reaedificabitur
1083 2087 1198 2179 platta
1214 2103 1248 2160 er
1263 2084 1375 2184 saffo,
1391 2089 1457 2185 scd
1472 2095 1506 2165 ia

285 2182 449 2380 illle
476 2176 1185 2372 3333333megprgnzggggms5xapgp
1208 2185 1302 2355 ll?
1317 2185 1435 2355 disi?
1460 2190 1515 2354 p,

281 2400 425 2465 manaa,
464 2370 623 2461 seilicet,
663 2394 751 2468 quae
784 2370 863 2470 post
895 2393 917 2467 7
949 2330 1060 2445 moad
1089 2394 1295 2451 memoratas
1317 2304 1505 2469 moerim,

285 2472 454 2549 Meffiam
479 2468 551 2544 effe
578 2464 750 2567 exscinden
772 2494 845 2556 ram,
870 2465 987 2565 absque
1010 2484 1047 2539 at
1065 2472 1174 2564 aliqua
1191 2468 1251 2564 stt
1266 2477 1362 2547 inea
1388 2474 1507 2568 iniqua

287 2588 345 2644 ras
376 2564 431 2667 (id
453 2564 549 2639 enim
574 2564 720 2637 denotat
803 2570 863 2669 llll
891 2589 957 2660 pro
980 2530 1017 2640 ti
1038 2569 1098 2671 llll
1119 2569 1178 2668 ΓΝ
1200 2571 1291 2643 nulla
1309 2566 1369 2666 ipſs
1383 2570 1503 2662 iniqui·

284 2684 360 2755 ras,
385 2661 439 2737 uti
465 2660 533 2758 Jes.
558 2660 657 2732 LIII:
682 2655 736 2756 9.)
763 2681 800 2734 et
834 2661 976 2760 quidem
1010 2676 1053 2733 ao
1096 2665 1108 2735 i
1136 2663 1169 2737 sa
1201 2667 1351 2739 cirirate·
1362 2663 1508 2761 sanila,

281 2763 342 2838 seu
366 2760 444 2857 ejus
469 2755 684 2854 primoribus
707 2774 745 2829 et
768 2754 995 2845 Incolia3nt'i
1022 2779 1067 2832 ex
1093 2687 1164 2854 riq.
1190 2778 1312 2853 patet,
1340 2759 1399 2835 ubi
1418 2783 1512 2851 mox,

280 2854 456 2943 traditur,
495 2875 588 2953 eam·
622 2869 784 2948 ropterea
819 2852 894 2925 elle·
913 2849 1072 2926 funditus
1108 2854 1289 2929 delendam
1316 2878 1336 2930 a
1365 2860 1503 2954 popula,

280 2953 447 3037 scilicet,
488 2949 542 3021 uti
604 2945 654 3021 ibi
687 2970 759 3022 vox
784 2952 838 3031 nv
860 2949 1009 3045 populus
1040 2974 1178 3045 quoque
1204 2951 1370 3043 sumitur,
1411 2952 1513 3043 mili-2

285 3049 382 3138 tari,
408 3046 519 3133 dacis,
543 3041 613 3118 five
638 3042 743 3140 ipfius
759 3046 938 3133 Melitae,
953 3067 1078 3117 necem
1104 3048 1195 3120 suam
1219 3071 1282 3137 per
1307 3050 1511 3139 exereitum,-

281 3144 385 3219 illum
407 3138 640 3229 vindicantis,
665 3142 796 3249 quippe
820 3144 879 3239 qui
913 3138 1021 3213 modo
1049 3141 1191 3216 Mellias
1215 3145 1296 3221 ‘aar
1325 3146 1519 3243 anracaffat·'

281 3238 476 3337 adpellatm
500 3255 598 3326 erat,
633 3236 704 3309 five
730 3237 940 3333 inperatoris
963 3239 1144 3327 extranei,
1180 3245 1233 3335 qui
1257 3246 1365 3332 venit,
1400 3244 1509 3321 ni·mi·.

282 3361 361 3410 rum
386 3333 584 3407 hostiliter:
627 3330 783 3428 sequitur
814 3332 1001 3407 invaIionis
1030 3354 1178 3407 eventus
1210 3353 1241 3408 et
1268 3339 1383 3430 fini-s,
1428 3341 1508 3433 ejus

305 3428 467 3527 Ieniffima
491 3432 662 3502 inundatio
681 3426 806 3526 (instar
826 3429 1014 3517 torrentis,
1038 3427 1248 3524 rapidiffime
1272 3428 1435 3517 fluentis,
1461 3456 1503 3507 ac

280 3525 505 3608 mundantis,
550 3524 597 3597 ita
623 3543 663 3598 ut
690 3525 799 3598 sulcos
829 3524 910 3621 post
934 3527 969 3599 se
1004 3524 1195 3618 relinquat:
1240 3547 1329 3618 quae
1358 3526 1504 3621 propria

281 3622 334 3699 est
360 3620 462 3696 verbi
488 3611 585 3726 qm*
610 3617 809 3790 potestasss
842 3640 919 3694 nam
946 3624 991 3696 ad
1010 3621 1114 3714 finem
1139 3617 1234 3716 usqae
1267 3623 1330 3693 erit
1357 3624 1503 3718 bellumq

281 3724 416 3795 decreta
444 3717 491 3815 est
516 3717 655 3791 vastitas
679 3717 773 3811 pleni
801 3743 881 3791 rma.
1338 3778 1340 3782 Α

326 3815 360 3915 5.
393 3814 575 3889 CCCXCI.
606 3815 644 3899 β.
672 3814 770 3913 Quae
794 3811 932 3886 eumad
960 3810 1120 3885 ultimam
1143 3808 1394 3908 septimanam,
1419 3816 1501 3917 post

280 3919 328 4004 69
355 3909 613 3998 hebdomadas,
658 3930 697 3980 ut
729 3910 835 3981 modo
866 3908 1000 3983 dieium
1033 3927 1129 3996 erat,
1163 3909 1383 4004 pertineant,
1426 3917 1504 4013 ejus

279 4031 366 4083 mox
384 4005 583 4080 adcuratior
598 4007 700 4079 datur
718 4003 846 4078 notitia
861 4003 950 4078 vers.
978 4027 1034 4098 27.
1061 4004 1120 4076 ubi
1137 4005 1352 4100 praedicitur
1374 4034 1404 4082 1.
1423 4030 1498 4086 tota

279 4106 337 4180 illa
365 4101 605 4192 hebdomade,
630 4102 687 4175 vel
712 4099 824 4195 spatio
848 4122 869 4194 7
896 4124 1087 4188 annorum,
1116 4107 1269 4196 pallum,
1293 4104 1425 4178 eximie
1449 4104 1498 4180 stc

278 4198 436 4287 ditium,
463 4222 595 4272 novum
620 4199 668 4271 ita
695 4219 739 4269 ue
766 4195 868 4286 illud,
903 4221 977 4271 non
999 4197 1128 4296 legale,
1159 4201 1218 4275 led
1249 4200 1402 4296 gratiae,
1428 4200 1500 4279 elle

283 4294 589 4394 praevaliturum,
639 4222 746 4401 soiide
782 4295 1015 4368 roborandum
1050 4318 1114 4390 per
1148 4297 1307 4370 Meffiam
1341 4296 1497 4390 ducem,

279 4391 410 4492 partim
436 4389 570 4489 ipsum,
596 4389 754 4464 docirrna
779 4408 816 4462 et
837 4411 954 4466 morte
980 4392 1073 4488 ejus,
1108 4391 1233 4488 partim
1261 4389 1379 4464 medio
1404 4394 1499 4488 lega-

279 4510 398 4564 torum
431 4508 469 4562 et
494 4487 745 4584 Apostolorum
772 4487 866 4582 ejus,
909 4512 941 4562 2.
967 4492 1065 4561 media
1097 4484 1324 4559 hebdomadis
1357 4489 1500 4561 abolen-

278 4583 362 4663 dun
398 4584 470 4664 else
503 4584 633 4660 tultum
667 4581 868 4751 religiosuncn
892 4583 1136 4680 sacrificiorum
1167 4596 1206 4655 et
1236 4606 1402 4689 manarant
1427 4607 1498 4750 per

276 4720 282 4737 .
864 4699 976 4774 ¹ct3
1387 4701 1424 4774 rp
1442 4704 1503 4755 um
