3575 5884
384 1126 406 1208 8
629 1197 633 1212 ,
722 1120 866 1225 lhstorie
892 1125 1122 1230 Ecclesiastico
1146 1128 1189 1205 V.
1220 1127 1259 1204 T.

384 1314 442 1380 tur
471 1303 640 1380 inminuti
672 1305 773 1404 regni
807 1308 1005 1400 Davidici,
1047 1312 1140 1386 salvo
1178 1309 1347 1410 promiss‘o
1380 1306 1442 1406 ipli
1474 1302 1601 1397 ntro,

384 1401 516 1501 quippe
541 1427 615 1502 non
638 1403 817 1496 absoluto,
851 1403 909 1497 sed
935 1407 1192 1483 conditionato.
1241 1434 1276 1500 4„
1301 1406 1465 1502 Denique
1492 1402 1601 1476 schis-

381 1501 485 1575 matis
509 1498 705 1595 originem,
740 1521 777 1574 ct
801 1503 903 1598 regni
932 1503 1135 1593 israelitici,
1178 1525 1340 1602 tanquam
1366 1500 1599 1592 schismatici,

381 1593 562 1668 historiam
586 1589 785 1690 posteritati
812 1598 1019 1697 relinquere.
1067 1604 1124 1674 De
1160 1625 1230 1698 quo
1255 1602 1363 1695 scopo
1389 1599 1446 1672 uel
1473 1619 1518 1668 ex
1553 1620 1622 1687 eor

380 1689 537 1780 constat,
564 1691 673 1786 ¹quod
707 1690 745 1764 in
777 1693 850 1790 ejus
884 1696 985 1792 regni
1018 1694 1161 1771 historia
1185 1697 1246 1771 hic
1282 1696 1353 1770 illic
1377 1692 1533 1791 prolixus
1556 1689 1599 1765 srt

377 1805 500 1875 autor,
541 1787 648 1859 etiam
682 1788 854 1883 prolixior
888 1815 991 1887 quam
1022 1789 1136 1881 alibi,
1178 1791 1265 1868 teste
1297 1788 1442 1865 historia
1476 1788 1598 1879 Eliae,

379 1881 514 1970 Elisae,
539 1882 813 1978 prophetarum,
839 1905 876 1982 et
901 1887 1039 1959 Achabi
1066 1885 1187 1983 Regis.

374 2053 378 2056 ,
424 1977 455 2076 h.
482 1978 544 2050 XI.
571 1981 629 2071 De
656 1980 751 2053 libris
781 1979 1059 2073 chronicorum,
1087 1999 1310 2080 comparum
1336 1980 1482 2055 habeam
1502 1977 1598 2074 quod

376 2075 590 2162 observem,
641 2076 761 2173 paucis
794 2075 975 2177 defungar.
1038 2078 1096 2163 Ad
1123 2080 1267 2153 ellantur
1309 2077 1448 2173 quidem
1482 2074 1598 2168 Heba,
1635 2159 1637 2165 ,

377 2173 491 2246 U’D'r'l
517 2175 614 2248 ⁸72¹!
648 2173 829 2250 verbovel
853 2199 905 2248 rer
938 2179 1058 2249 dierum
1096 2200 1140 2248 eu
1170 2200 1344 2262 annerum,
1385 2170 1477 2270 quast
1502 2170 1625 2246 dicas?

375 2269 551 2355 Annales,
585 2267 645 2344 seu
672 2266 945 2362 Ephemeridas,
977 2268 1050 2344 sive
1073 2270 1166 2365 quod
1190 2295 1265 2360 res,
1290 2267 1507 2365 temporibus
1528 2264 1598 2339 suis

374 2364 561 2460 adligatas,
595 2360 822 2450 contineant,
858 2362 930 2436 srve
960 2387 1004 2448 ex
1030 2365 1314 2460 ephemeridibus
1369 2360 1597 2438 rolixioribus

375 2460 446 2536 srnt
471 2455 657 2553 excerptit
684 2456 803 2532 nescio
829 2481 932 2554 quam
957 2478 1061 2556 apte,
1088 2483 1169 2534 cum
1191 2459 1314 2556 reliqui
1331 2458 1411 2534 lrbri
1433 2454 1596 2531 historici

374 2551 465 2630 sacri
499 2551 767 2650 chronologiam
799 2576 874 2630 nou
908 2555 1150 2651 neglexerint,
1193 2577 1231 2628 et
1264 2555 1345 2630 libri
1376 2556 1517 2651 Regum
1547 2575 1596 2628 ex

372 2644 658 2746 ephemeridibus
688 2673 828 2746 quoque
860 2648 1016 2727 conferti
1050 2649 1128 2732 lint.
1178 2651 1323 2726 Graecis
1357 2673 1445 2722 vero
1476 2647 1594 2744 adpel7

286 2791 288 2801 =
372 2747 487 2819 lantur
528 2762 770 2841 sememonten
803 2747 1051 2844 Paralipomena
1090 2747 1149 2822 seu
1185 2745 1452 2845 praetermilla3
1499 2743 1598 2821 forte

373 2837 468 2938 quod
493 2841 601 2912 multa
626 2863 707 2914 com
734 2841 928 2929 rehendant
953 2843 991 2918 in
1017 2844 1116 2923 libris
1139 2843 1281 2940 Regum
1306 2841 1445 2932 nmilia,
1487 2838 1594 2912 adeo·

370 2960 441 3033 que
476 2935 514 3009 in
547 2957 670 3012 eorum
706 2866 996 3033 iupplementum.
1061 2938 1166 3036 Quod
1209 2962 1290 3020 cum
1324 2959 1448 3011 verum
1480 2932 1522 3006 stt
1555 2933 1595 3010 in

274 3071 277 3077 ·
370 3031 491 3110 multis
507 3028 667 3126 respeetu
682 3033 824 3129 Regum
841 3032 974 3129 Judae‚
1001 3032 1121 3110 titulus
1139 3032 1204 3107 iste
1251 3031 1396 3108 raeferri
1412 3047 1593 3118 meretur;

361 3127 446 3200 rstve
471 3145 572 3205 autor
596 3125 669 3222 ipse
695 3127 779 3218 illud
805 3127 843 3201 in
871 3128 982 3201 oculis
1004 3128 1187 3218 habuerit,
1227 3152 1286 3202 tve
1311 3151 1395 3202 non.
1442 3122 1592 3202 Priusli

368 3221 558 3308 statuatur,
585 3220 665 3301 libri
692 3223 833 3319 Regum
858 3241 1002 3319 oportet
1024 3223 1097 3318 jam
1123 3245 1206 3304 tunc
1233 3220 1454 3310 exstiterint,
1488 3238 1525 3293 et
1547 3221 1592 3294 ab

291 3368 294 3372 -
368 3337 494 3392 autore
511 3314 613 3389 leeli:
640 3317 733 3414 quod
758 3317 915 3414 respediu
934 3319 1088 3407 autoris,
1112 3319 1172 3415 qui
1199 3319 1429 3417 compendia,
1454 3314 1513 3393 seu
1530 3336 1592 3410 exe

368 3434 495 3524 cerpta
511 3412 847 3495 commentariorum
871 3414 1122 3510 prolixiorum,
1147 3418 1190 3490 ab
1208 3416 1283 3494 aliis
1309 3411 1490 3499 confecia,
1516 3413 1590 3485 col·

366 3511 478 3606 legit,
520 3529 558 3581 et
589 3509 628 3588 in
662 3534 770 3584 unum
794 3509 962 3582 volumen
995 3532 1124 3606 compe
1151 3510 1202 3602 it,
1243 3535 1316 3583 non
1348 3506 1399 3582 est
1422 3503 1592 3584 absonum
1627 3552 1634 3558 ·

367 3606 540 3692 statuere,
568 3607 765 3697 eominus,
816 3603 887 3682 uod
917 3605 1078 3680 1Chron.
1104 3536 1167 3680 Ii:
1198 3629 1228 3679 1.
1255 3604 1338 3684 illud
1355 3601 1517 3694 videatur
1532 3601 1588 3676 in·

365 3699 489 3776 dicari.
539 3701 660 3773 Verba
685 3630 908 3794 irahairent,
935 3719 974 3773 ut
997 3700 1168 3779 vertenda
1193 3700 1270 3779 sunt
1295 3718 1333 3777 et
1357 3697 1589 3796 exponenda,

343 3822 473 3876 vomnes
493 3792 680 3890 'Israellrae
716 3793 866 3896 (scilicet
898 3796 1043 3870 reduces
1074 3799 1116 3871 ab
1147 3794 1278 3885 exilio,
1320 3793 1392 3871 srve
1422 3820 1468 3870 ex
1499 3793 1590 3888 Juda

277 3937 279 3940 <
365 3893 440 3976 five
465 3890 611 3990 israele„
653 3910 693 3963 ut
721 3892 861 3989 exseq.
886 3887 1004 3991 patet)
1030 3889 1306 3989 recensteisunr,
1350 3890 1444 3987 (ecee
1467 3883 1590 3986 scripti

357 3989 440 4086 sune
467 4005 503 4058 et
528 3990 647 4081 adnexi
675 3990 755 4063 libro
777 3987 906 4084 Regum
932 3986 1069 4090 Israelis
1093 4005 1124 4070 er
1148 3985 1262 4081 Judae
1320 3992 1373 4084 pei
1399 3986 1511 4086 (2th
1536 3990 1591 4081 qui

364 4110 412 4163 ex
439 4080 540 4154 vorsu
563 4081 632 4176 seq.
658 4081 727 4154 huc
758 4083 937 4160 transferri
953 4079 1077 4179 debet)
1104 4087 1225 4179 captiui
1267 4100 1380 4157 uerunt
1406 4085 1532 4156 abdutli
1550 4081 1590 4154 in

364 4161 580 4272 Babyloniam
603 4210 725 4233 -·-
741 4211 795 4237 -ν
828 4176 985 4269 scilicet,
1020 4183 1072 4276 qui
1099 4183 1198 4272 primi
1230 4180 1473 4265 tartarearum,
1507 4174 1588 4272 post

365 4272 629 4369 redutiionem,
670 4268 868 4368 peffeffloees
892 4271 999 4368 sues,
1041 4290 1078 4342 et
1103 4279 1197 4348 urbes
1213 4273 1297 4370 sues
1321 4290 1390 4350 etc.
1441 4273 1587 4364 Voces,

364 4395 437 4453 ecce
462 4366 582 4465 scripti
603 4367 706 4466 sune,
747 4386 779 4439 er
804 4372 926 4443 adnexi
962 4371 1043 4439 libro
1065 4367 1193 4464 Regum
1226 4366 1363 4461 israelis
1397 4385 1429 4440 er
1452 4366 1588 4459 Judae,

388 4467 541 4562 pertinet
566 4465 661 4537 enim
687 4487 818 4537 nornen
840 4465 956 4557 Judae
985 4462 1131 4536 omnino
1162 4463 1206 4538 ad
1230 4462 1476 4558 praecedentia
1522 4487 1590 4559 pro

168 4543 172 4554 .
239 4582 240 4585 Ν
360 4558 559 4667 pffinthesr
581 4561 661 4645 sunt
680 4559 887 4682 habendae,
932 4579 971 4638 et
997 4555 1081 4634 ideo
1109 4558 1267 4654 additae,
1302 4576 1361 4654 ut,
1392 4583 1434 4639 ca
1482 4582 1592 4735 Olitumnd
