3575 5884
268 1206 345 1297 ‚ru
615 1196 1081 1301 instornninmuis.
1112 1200 1156 1279 r.-

274 1379 466 1461 Niuivitaa
493 1377 592 1455 simul
620 1379 836 1457 defenditur.
885 1382 956 1458 vn
984 1383 1182 1482 argumenti
1214 1380 1266 1457 eil
1295 1381 1336 1456 in
1357 1398 1511 1481 compo-

277 1476 418 1555 ratione
457 1466 613 1551 Ninives
642 1477 801 1574 respeelu
832 1478 925 1568 Dei,
962 1497 1002 1554 et
1035 1476 1143 1555 ricini
1173 1477 1334 1575 respectu
1364 1482 1510 1574 lonae,

278 1563 368 1681 fita3
391 1591 428 1645 et
451 1573 518 1645 linc
543 1572 683 1647 ratione
705 1571 934 1670 intelligenda
955 1572 1019 1650 est„
1070 1599 1102 1650 1.
1128 1570 1239 1673 Jonae
1262 1575 1353 1647 nulla
1368 1591 1447 1647 erat
1461 1575 1512 1648 acl

278 1667 453 1763 ricinum,
492 1666 552 1740 sed
573 1670 656 1742 Deo
685 1669 730 1745 ad
753 1670 918 1744 Niniven
942 1669 1022 1744 satis
1050 1670 1145 1745 arola
1173 1671 1319 1743 relatio:
1358 1668 1504 1743 riciniu

283 1786 358 1857 non
389 1782 464 1835 erat
496 1786 584 1860 opus
614 1788 779 1839 manuum
808 1764 904 1861 ejus,
943 1764 1002 1839 sed
1030 1766 1169 1841 Ninive
1199 1784 1275 1839 erat
1307 1764 1378 1838 Dei
1404 1770 1511 1862 opu'e,

322 1882 368 1930 uo
393 1856 507 1930 tendit
530 1857 662 1933 ditium
678 1859 750 1933 Dei
771 1859 817 1932 ud
840 1856 987 1957 Jonam,
1011 1863 1044 1933 in
1066 1885 1124 1957 quo
1147 1885 1210 1934 non
1235 1858 1417 1955 immisti,
1444 1878 1509 1937 liet

304 1948 417 2051 ecifli,
442 1972 478 2026 ut
503 1954 670 2050 crescerel.
720 1978 754 2030 2.
777 1955 890 2050 Jonae
915 1957 1024 2046 nulla,
1133 1976 1187 2029 ter
1208 1957 1389 2053 proprium
1405 1972 1511 2029 com·

283 2044 453 2140 modum,
484 2049 595 2141 ratio,
651 2068 731 2125 uate
755 2051 967 2126 arbusculam
989 2075 1034 2126 ve
1059 2051 1309 2141 ensentium,
1339 2050 1398 2125 sed
1421 2052 1513 2124 neo

165 2182 169 2189 ·
285 2167 364 2233 ¹erat
383 2140 478 2221 haud
499 2170 570 2238 ,una
594 2075 687 2225 uilis
708 2145 896 2225 servandae
914 2145 1032 2238 ratio,
1070 2171 1190 2244 eaque·
1206 2148 1334 2244 gravio
1380 2165 1419 2219 a..
1440 2140 1511 2243 lll-

285 2240 392 2319 einis
414 2259 489 2317 erat
511 2245 636 2332 arbor,
675 2238 865 2316 Ninivitae
893 2261 1211 2318 autemcreaturae
1235 2244 1372 2316 ratione
1402 2256 1511 2335 pne·

288 2336 399 2431 ditae·
446 2343 478 2410 li.
502 2337 621 2409 Arbor
642 2334 732 2407 nihil
754 2337 925 2426 habebnt,
949 2337 1044 2432 quod
1068 2339 1144 2434 ejus
1161 2337 1412 2411 uresaelionem
1427 2335 1511 2409 red*

287 2428 376 2509 dere
399 2420 513 2526 pollet
536 2428 717 2524 injustam,
740 2429 801 2505 sed
822 2426 972 2505 habebnt
987 2420 1147 2523 Ninive,
1171 2433 1209 2506 in
1231 2452 1298 2531 qua
1320 2446 1416 2506 tanta
1432 2448 1513 2505 eret

290 2512 456 2622 §dantum
488 2538 526 2596 et
555 2523 821 2614 innocentium,
857 2548 900 2599 ac
921 2525 1094 2623 bellinum
1124 2552 1170 2602 co
1198 2529 1258 2617 ἐς
1295 2544 1448 2625 quorun
1470 2522 1512 2602 in

288 2620 439 2720 gratiam
463 2620 544 2694 urba
569 2619 734 2696 servanda
756 2638 852 2711 erat,
889 2618 1131 2696 fivindimn
1175 2624 1328 2697 celerum
1349 2638 1424 2696 non
1448 2640 1513 2697 ne·

288 2714 442 2810 cessario
462 2715 655 2813 requireret
673 2714 811 2813 justitia
831 2713 905 2791 Dei
927 2710 1099 2807 tellaria
1122 2717 1177 2793 uti
1199 2740 1271 2793 non
1293 2712 1513 2817 puluinum

290 2809 476 2891 Ninivitis
502 2811 792 2908 resipiscentibuu
841 2811 947 2913 Quod
976 2810 1040 2889 liic
1070 2813 1212 2911 quidem·
1243 2832 1316 2887 nori
1419 2811 1514 2888 rell}

290 2932 324 2988 a·
336 2909 420 2982 Deo
444 2925 677 2996 memoratur,
707 2907 766 2981 sed
789 2907 1100 3006 praesupponitur‚
1139 2920 1177 2983 et
1199 2930 1244 2984 ex
1265 2930 1370 3019 price
1438 2908 1513 2993 titl-

292 3009 359 3099 lius
380 3021 504 3075 notum
527 3019 625 3094 erat,
649 3001 744 3101 quod
764 2998 976 3094 sufficiebat,
1009 3027 1089 3099 cum
1104 3006 1203 3080 Deus
1217 3022 1383 3079 evincere
1399 2994 1515 3094 nolit,

292 3100 332 3190 se
357 3097 478 3170 urbem
502 3116 650 3193 propter
673 3096 946 3195 resipiscentiam
968 3100 1126 3192 servare,
1163 3098 1223 3175 scil
1244 3099 1299 3192 se,
1337 3097 1451 3196 posita
1465 3110 1515 3191 ,et

293 3190 438 3270 admilla
459 3214 525 3281 eii,
561 3212 709 3301 propter
737 3193 947 3269 relationem
973 3194 1067 3270 urbis
1088 3195 1133 3268 ad
1154 3195 1210 3285 se,
1248 3195 1286 3268 in
1315 3193 1440 3293 primii
1464 3188 1514 3270 oli

294 3310 429 3368 tanum
453 3286 698 3362 innocentium
719 3287 1000 3381 multitudinem,
1031 3312 1109 3364 eant
1130 3289 1278 3365 servare.
1324 3290 1426 3396 Quae
1441 3288 1513 3365 ati·

290 3412 353 3465 ani
368 3385 405 3460 in
423 3382 519 3459 causa
541 3382 673 3473 suerat,
696 3386 945 3480 quarelonam
960 3384 1113 3476 miserit,
1139 3396 1206 3476 ile,
1252 3401 1375 3482 ropter
1389 3384 1513 3460 crimi-

290 3507 342 3573 na
365 3477 567 3570 tlainantia,
582 3477 808 3579 innocenter
828 3500 909 3552 cuni
932 3479 1052 3555 noxiis
1074 3478 1211 3556 necesse
1228 3411 1361 3558 lrabeat
1384 3470 1513 3579 'exstiti

293 3603 403 3677 pare,
435 3595 475 3651 ut
498 3556 505 3583 ¹
544 3600 562 3647 r
580 3564 751 3670 justitium
773 3572 847 3648 Dei
869 3573 947 3649 fieri
970 3575 1160 3667 debuisset,
1191 3575 1255 3650 nili
1277 3574 1514 3673 resspilssear.

296 3672 365 3749 Cui
382 3670 484 3766 relipi
500 3668 638 3743 centiae
655 3669 772 3780 itaque
786 3690 970 3766 acceptum
986 3691 1062 3745 erat
1077 3670 1287 3760 serendum,'
1305 3672 1400 3767 quod
1408 3672 1515 3761 Deire

296 3769 509 3847 innocentes
525 3786 605 3838 cuin
630 3767 746 3841 nonin
770 3789 842 3839 non
863 3764 1002 3841 necesse
1025 3766 1187 3841 habuerit
1210 3761 1389 3865 perderet,
1398 3785 1439 3855 et
1454 3766 1513 3842 iii·

295 3860 415 3945 mensa
437 3858 682 3935 innocentium
694 3864 798 3937 turba
818 3861 926 3953 fecit,
950 3866 1043 3959 quod
1058 3865 1156 3937 Deus
1178 3881 1248 3936 tani
1266 3862 1398 3937 solenni
1413 3863 1447 3936 le
1494 3898 1514 3923 ι

298 3963 400 4041 tione
430 3958 553 4035 urbem
583 3955 791 4031 invitaverit
821 3958 864 4032 ad
896 3957 1180 4056 resipiscentiam.
1224 3960 1271 4032 Et
1302 3959 1373 4031 hoc
1395 3959 1434 4057 ip
1450 3980 1514 4035 uni

297 4080 402 4156 aegre
419 4071 491 4126 erat
499 4052 631 4146 Jonae,
647 4051 691 4127 'ad
699 4052 884 4129 Ninivitas
901 4055 1159 4130 convertendor
1174 4074 1211 4129 et
1227 4053 1412 4129 servandoe'
1427 4055 1526 4130 mis

296 4154 359 4245 so,
398 4170 468 4223 non
500 4145 592 4240 quod
606 4146 715 4220 ,Deus
738 4150 936 4222 clementia·
955 4170 1115 4224 uteretur
1143 4168 1225 4246 erga
1248 4148 1515 4244 resipiscentes,

297 4248 358 4331 led
381 4242 473 4355 quod
495 4238 683 4317 Ninivitae
707 4240 938 4337 resipuerint,
969 4264 1007 4316 et
1030 4246 1179 4343 gentiles
1201 4243 1425 4340 poenitentes
1441 4246 1515 4320 sint

299 4362 425 4443 erepti.
457 4333 584 4413 -Ratio
606 4333 744 4430 itaque,
768 4338 810 4408 ab
834 4333 1082 4416 innocentibus
1103 4339 1235 4438 petita,
1259 4339 1354 4433 secut
1375 4364 1417 4415 ac
1433 4342 1515 4438 pas-

299 4442 362 4525 fini
392 4434 554 4526 uidetur,
589 4432 680 4507 nulla
710 4429 969 4528 resipiscentiae
992 4437 1083 4512 sassa
1112 4433 1273 4527 ratione,
1307 4437 1379 4513 liuc
1401 4430 1517 4515 unice-

296 4536 558 4743 luffililll·
590 4647 635 4721 ai
657 4624 861 4731 Praeterea,
900 4646 987 4729 quie
1007 4626 1104 4703 nuo-
1123 4644 1208 4725 ertt
1230 4626 1361 4726 Jonte,
1401 4571 1511 4743 piare

372 4770 376 4781 “
1354 4743 1509 4803 ricinum
