3575 5884
280 1148 356 1239 494'
629 1138 774 1243 {istoria
798 1137 1030 1242 Ecclestaflica
1052 1142 1095 1222 V.
1123 1138 1165 1218 Τ.

287 1344 362 1399 aoo
386 1320 531 1400 steterat
545 1345 673 1411 annos,
699 1322 872 1396 destruxit
896 1325 934 1399 in
962 1343 1191 1422 perpetuum:
1216 1327 1511 1424 nunquamenim

283 1421 548 1495 reaedificatum
575 1417 645 1505 est,
671 1417 731 1492 sed
749 1421 855 1493 altare
881 1438 1016 1495 rantum
1039 1423 1089 1495 ibi
1119 1420 1358 1514 exstinetam,
1381 1423 1508 1523 inquo

286 1515 536 1593 sacrificarunt.
584 1516 774 1589 Samariam
806 1540 946 1613 quoque
986 1518 1205 1616 expugnavit
1239 1540 1282 1591 ac
1317 1519 1507 1614 destruxit,

287 1635 390 1709 quam
421 1640 440 1686 a
466 1632 627 1708 tempore
661 1612 853 1686 Alexandri
883 1616 940 1687 M.
973 1613 1195 1690 incoluerunt
1226 1614 1506 1710 Syro-ommno·

284 1728 368 1796 nes,
402 1708 636 1781 Samaritanae
663 1709 846 1806 religionis
873 1707 1009 1787 civibus
1035 1710 1202 1808 expulfis:
1248 1732 1317 1785 nec
1342 1714 1505 1790 reaedifi.

284 1823 362 1876 cata
395 1802 446 1877 est
473 1807 556 1878 urbs
581 1802 645 1876 nisr
670 1805 731 1877 sub
759 1805 926 1894 Herode,
969 1807 1137 1972 adpellata
1161 1806 1201 1880 in
1229 1803 1405 1881 honorem
1429 1811 1505 1885 Au·

309 1896 375 1971 usti
403 1900 557 1997 Sebaste,
598 1899 634 1973 h.
668 1925 699 1974 e.
734 1898 882 1995 augusta.
930 1900 987 1972 Ab
1031 1925 1090 1975 roc
1129 1921 1289 1998 tempore
1309 1902 1506 1998 Hyrcanus

280 1994 425 2091 inperio
450 1997 511 2070 suo
537 1994 704 2091 subjectas
729 1997 850 2069 habuit
877 1997 1065 2091 Judaeum,
1107 1995 1299 2071 Galilaeam
1321 2017 1360 2070 et
1381 1999 1501 2074 Sama·

214 2153 222 2160 .
282 2091 395 2180 riam,
421 2093 540 2168 multis
563 2116 643 2165 cunr
666 2090 742 2167 aliis
766 2092 968 2189 regionibus
992 2091 1140 2181 vicinis3
1165 2091 1318 2189 denique
1341 2092 1501 2181 Idumae-

283 2209 345 2279 os,
371 2186 589 2263 fortiffimam
618 2188 711 2260 illam
738 2209 902 2285 gentem,
927 2189 1123 2286 subjugavit
1149 2210 1223 2261 non
1250 2207 1409 2282 tantum,
1442 2191 1503 2269 sed

280 2283 389 2358 etad
414 2283 737 2372 circumcisionem,
771 2303 808 2356 et
834 2284 1044 2379 religionem
1069 2283 1263 2359 Mosaican
1287 2284 1502 2383 amplebben·

282 2378 383 2469 darn,
420 2381 613 2475 compulit;
646 2378 728 2451 alias
753 2377 792 2451 in
817 2380 894 2453 loca
916 2379 1106 2476 peregrina
1129 2379 1366 2477 ablegandoa3
1398 2407 1502 2482 quam

282 2474 369 2550 dein
405 2475 604 2550 constanter
634 2472 881 2565 observarunt,
922 2473 1010 2548 adeo
1043 2496 1083 2549 ut
1114 2475 1272 2549 idumaei
1303 2495 1345 2551 et
1378 2478 1504 2575 Judaei

284 2594 409 2663 unnn,
435 2572 503 2644 hac
519 2590 641 2669 parte,
667 2567 915 2645 constituerint
939 2570 1146 2644 societatem
1170 2570 1382 2668 religiosam.
1430 2578 1503 2652 De.

281 2666 391 2765 nique
417 2668 563 2743 foedere
589 2665 787 2759 societatis,
812 2685 851 2740 et
879 2665 1079 2757 amicitiae,
1105 2691 1186 2742 curn
1200 2667 1376 2743 Romania
1398 2692 1514 2747 reno·-

278 2786 389 2853 vato,
430 2784 468 2838 et
491 2763 695 2860 amplillimo
726 2767 769 2839 ab
796 2761 863 2835 illis
889 2762 1069 2858 inpetrato
1101 2764 1270 2852 decreto,
1309 2765 1406 2860 apud
1430 2765 1500 2864 Jofi

279 2859 414 2946 obvio,
449 2859 581 2929 summa
607 2857 747 2952 gavisus
769 2856 821 2930 est
845 2881 954 2951 pace,
988 2877 1025 2931 et
1050 2881 1099 2955 po
1125 2858 1172 2932 uli
1196 2857 1305 2935 statua
1330 2862 1402 2937 fuit
1425 2863 1499 2960 glo·

279 2950 414 3043 riosur,
448 2969 485 3023 et
511 2950 790 3048 prosperrimum
835 2953 909 3048 ipse
938 2977 1075 3049 quoque
1142 2978 1291 3053 yrcanus
1312 2958 1498 3033 celeberri-

277 3070 375 3121 mum
399 3045 519 3123 narius
542 3072 694 3137 nomen,
736 3047 955 3121 revelatione
981 3074 1119 3147 quoque
1146 3051 1288 3140 divina,
1333 3073 1374 3129 ut
1399 3054 1502 3129 tradi·

277 3161 361 3235 tur,
386 3144 493 3218 etiam
516 3169 536 3218 a
558 3144 629 3241 Jos.
656 3145 743 3215 Ant.
769 3144 867 3217 Xlll:
898 3167 953 3218 10.
980 3145 1151 3240 produdlo
1178 3146 1395 3315 specimine,
1420 3150 1496 3247 dig·

279 3260 394 3317 natus.
441 3243 498 3314 De
529 3239 673 3334 quibus,
715 3257 755 3311 ut
785 3259 822 3312 et
848 3238 926 3313 casu
959 3243 1033 3335 ejus
1059 3265 1139 3316 cum
1165 3242 1192 3315 P
1219 3243 1380 3334 arisaeis,
1417 3245 1501 3321 satis

278 3335 465 3439 singulari,
501 3337 559 3431 qui
587 3333 651 3432 ipsi
675 3333 932 3441 aegritudinem
957 3339 1120 3432 peperit,
1164 3339 1349 3417 etodium
1371 3362 1496 3414 eurum

280 3435 471 3532 produxit,
497 3433 589 3507 unde
610 3433 729 3505 domur
749 3431 821 3529 ejus
840 3450 877 3503 et
899 3434 1031 3527 populo
1050 3436 1156 3508 multa
1172 3436 1258 3507 mala
1278 3435 1359 3515 suut
1374 3460 1498 3532 procu·

280 3556 375 3623 rata,
395 3529 514 3627 postea
530 3529 598 3604 suis
614 3528 701 3602 locis
719 3551 829 3635 agam.
865 3529 942 3603 Hic
961 3531 1070 3605 verbo
1084 3530 1198 3603 adhuc
1213 3533 1365 3620 notabo,
1380 3531 1499 3628 ¹ipsum

272 3631 415 3725 regiam
433 3625 525 3722 quast
541 3650 658 3700 arcem
682 3622 899 3712 aedificalle,
924 3623 1026 3719 super
1041 3648 1127 3719 rupe
1144 3626 1186 3699 ad
1203 3625 1297 3701 latus·
1309 3624 1498 3722 septentri-

280 3726 382 3803 onale
411 3725 541 3795 montis
560 3720 723 3816 Templi,
752 3720 922 3794 excelsam
949 3741 986 3792 et
1010 3721 1130 3809 latam,
1160 3720 1219 3793 ubi
1247 3722 1416 3816 palatium
1433 3724 1499 3801 fuit

282 3821 615 3905 Affpmonaeorum,
641 3841 728 3912 quae
752 3813 873 3911 postea
895 3817 936 3888 ab
956 3817 1100 3890 Herode
1120 3818 1175 3891 M.
1201 3816 1416 3912 amplificata
1430 3820 1497 3908 est,

277 3938 320 3994 et
343 3909 566 3989 munitiffima
590 3913 746 4000 reddita,
774 3910 918 3985 nomine
943 3917 1031 3987 orcis
1047 3915 1234 4001 Armua,
1260 3912 1495 4003 inhonorem

280 4003 453 4094 Antonii,
479 4006 653 4100 insignita.
687 4009 762 4085 Hic
779 4007 909 4104 degere
926 4008 1055 4084 solebat
1074 4011 1281 4106 Hyrcanae,
1307 4027 1346 4080 et
1366 4009 1484 4103 ponti·

274 4114 419 4187 ficalem
435 4100 591 4175 habitum
609 4103 778 4177 induebat
794 4123 831 4175 et
850 4109 1018 4194 exuebat,
1044 4130 1085 4181 ac
1102 4106 1297 4199 reponebat
1314 4105 1498 4183 adservan-

275 4208 374 4283 dum.
421 4197 526 4299 Quod
545 4196 675 4292 polleri
694 4197 767 4293 ejus
796 4197 926 4274 imitati
945 4203 1032 4276 lunt.
1081 4199 1232 4277 Habitus
1249 4222 1393 4296 quoque
1410 4205 1498 4279 Pon·

282 4300 422 4379 tilicalis
451 4301 584 4391 semper
611 4291 659 4364 ibi
686 4294 808 4369 mansit
832 4295 869 4369 in
886 4296 1060 4383 custodia,
1089 4298 1195 4372 etiam
1225 4294 1283 4369 sub
1302 4297 1499 4389 Rotmnis,

280 4398 368 4474 Vid.
395 4395 464 4487 Jos.
486 4395 571 4466 Ant.
596 4390 617 4465 l.
642 4389 715 4461 XV
720 4391 781 4463 lll.
809 4409 846 4463 et
873 4394 908 4463 B.
936 4393 967 4486 J.
995 4395 1015 4466 1.
1043 4396 1090 4466 V.
1139 4390 1293 4465 Praesuit
1316 4414 1398 4468 ann.
1431 4417 1499 4484 29,

274 4517 320 4571 ut
345 4516 389 4566 ex
411 4490 476 4584 los.
505 4487 644 4562 tradunt
666 4484 789 4558 Euseb.
817 4503 854 4556 et
871 4484 1022 4562 Hieron.
1054 4488 1159 4562 Licet
1184 4486 1276 4582 JolI,
1303 4485 1500 4565 secundum

273 4571 485 4670 nodietiam
509 4583 720 4676 lectionem,
748 4579 813 4684 ipsr
839 4578 946 4657 modo
973 4606 1040 4680 33,
1064 4581 1173 4781 11101180
1192 4585 1501 4757 ἒὲὲᾶιῖἓὲῧι

1158 4735 1167 4755 ·
1490 4733 1505 4777 a
