3575 5884
1345 956 1356 975 ἱ

732 1053 1054 1141 retrusorum·
1226 1106 1231 1113 ·
1436 1084 1511 1164 579
1631 1129 1633 1132 ,

284 1235 367 1319 belli
392 1252 467 1313 tem
519 1258 535 1312 s
567 1234 695 1312 referri
728 1237 867 1336 potest,
906 1259 949 1314 ut
980 1264 1027 1315 ex
1058 1236 1135 1337 ipso
1169 1234 1238 1336 Jos.
1265 1238 1287 1315 l.
1314 1262 1346 1316 c.
1380 1240 1504 1342 colligi

278 1334 380 1436 poss'e
414 1260 577 1424 viridior,
615 1358 696 1408 cum
721 1338 801 1408 urbs
826 1359 900 1409 non
934 1334 1044 1410 fuerit
1070 1336 1239 1425 maxima,
1282 1336 1367 1412 licet
1393 1356 1505 1430 tunc,

279 1448 434 1530 propter
464 1427 590 1503 festum
621 1429 814 1520 Pascbatis,
856 1449 894 1502 et
920 1433 1048 1505 bellum
1075 1432 1163 1505 foris
1187 1430 1359 1527 grallaus,
1394 1432 1505 1506 referi

278 1526 426 1615 tillitua3
452 1526 600 1599 Tacitus
623 1548 710 1598 vero
735 1524 948 1601 obsefforum
966 1528 1131 1622 setscenta
1159 1529 1265 1601 millia
1294 1532 1430 1601 tantum
1447 1527 1502 1603 fu·

278 1623 344 1698 iile
364 1621 487 1695 tradat.
538 1620 675 1720 Quibus
692 1620 717 1694 fi
733 1621 922 1712 addantur,
949 1622 1007 1718 qui
1026 1623 1172 1696 durante
1190 1624 1281 1695 bello
1297 1621 1502 1719 perierunt,

279 1717 462 1793 inmensus
487 1716 622 1788 orietur
644 1739 807 1791 numerus
831 1718 1021 1791 caesorum.
1070 1715 1234 1790 Colledtis
1260 1719 1355 1792 enim
1380 1743 1503 1800 nurne-

278 1817 329 1888 ris
357 1813 498 1982 etflJos.
525 1810 688 1901 historia,
734 1812 834 1896 utia
858 1812 978 1908 Lipsro
1004 1812 1048 1885 de
1075 1811 1277 1886 Constantia
1304 1816 1325 1888 l.
1353 1817 1400 1889 ΙΙ.
1434 1815 1507 1890 fac·

278 1929 360 1986 turn
447 1962 458 1996 ,
499 1908 703 2000 perierunt,
745 1926 824 1981 toto
854 1909 935 1982 belli
970 1930 1339 2017 tempore1337490.
1389 1911 1505 1986 Deniis

307 2028 355 2079 ue
378 2026 414 2095 4.
438 1999 514 2077 aliis
535 2027 672 2098 quoque
708 2002 746 2075 in
771 2003 976 2099 regionibus
1000 2024 1038 2077 et
1065 2003 1152 2078 locis
1187 2023 1334 2099 lugente
1357 2028 1505 2084 numero

279 2031 364 2177 lunt
387 2097 508 2189 vexati
536 2116 573 2170 et
599 2096 697 2173 caess.
738 2100 950 2190 Caesareae,
976 2123 1032 2173 ex.
1057 2123 1131 2196 gn,
1156 2123 1236 2173 curn
1263 2102 1409 2173 natalem
1427 2103 1505 2176 Do·

279 2192 445 2284 mitiani,
471 2191 588 2266 fratris
602 2192 675 2283 sui,
701 2193 894 2266 celebraret
914 2193 1040 2283 Titus,
1066 2193 1144 2290 post
1162 2195 1310 2267 deletam
1330 2195 1503 2271 Hieroso·

280 2295 431 2390 lymam‚
463 2288 522 2362 alii
548 2311 629 2361 cum
655 2286 774 2363 bestiis
797 2310 1018 2385 pugnarunt,
1053 2290 1112 2363 alii
1133 2290 1279 2363 cremati
1305 2290 1409 2380 sunt,
1443 2290 1502 2369 alii
1624 2379 1626 2384 ,

278 2389 378 2464 inter
402 2385 437 2459 se
463 2382 662 2482 digladiati,
704 2407 791 2481 quae
819 2385 922 2460 scena
946 2385 1074 2476 rediit,
1118 2408 1197 2458 cunr
1225 2388 1272 2458 Be
1318 2384 1345 2458 ti
1372 2389 1503 2461 natales

279 2479 399 2559 Patris
421 2478 625 2554 celebravit.
672 2478 905 2555 Alexandriae
930 2503 1011 2554 cum
1035 2481 1205 2576 populum
1229 2481 1271 2578 ad
1304 2480 1501 2556 editionem

280 2577 502 2664 excitarent,
518 2586 524 2594 ’
542 2597 588 2648 ea
618 2572 774 2649 sanione
807 2575 1027 2663 ficariorum,
1071 2576 1129 2672 qui
1167 2598 1213 2646 eo
1245 2576 1502 2670 confugerant,

279 2671 388 2751 multi
413 2668 519 2745 occist
543 2669 641 2743 sunt:
667 2669 762 2767 quod
788 2668 883 2745 idem
912 2669 1042 2745 accidit
1065 2671 1104 2744 in
1120 2668 1236 2765 Libya
1261 2670 1502 2766 Pentapolita-

255 2764 655 2933 ‚naJolB.J.Vll:
686 2788 827 2852 10,11.
1371 2814 1375 2819 -
1492 2840 1497 2863 ι

324 2862 360 2964 §.
383 2862 508 2939 DLVI
529 2863 557 2934 Ι.
599 2859 669 2935 Sed
695 2858 936 2956 consequentia,
969 2861 1041 2936 srve
1074 2859 1263 2957 puriora,
1296 2857 1368 2936 live
1395 2864 1503 2959 paulo
1579 2856 1584 2867 ’

281 2959 494 3047 remotiora,
538 2954 637 3030 omni
671 2955 878 3031 adtentione
915 2957 1043 3053 digna,
1084 2956 1119 3029 di
1152 2954 1280 3028 metius
1311 2959 1502 3043 enarranda

278 3051 371 3135 sunt
421 3054 477 3126 Ad
503 3050 673 3148 propiora
685 3051 865 3147 pertinet,
891 3072 1033 3148 praeter
1055 3051 1163 3125 modo
1190 3074 1399 3131 memoratas
1415 3054 1499 3130 stra·
1606 3072 1609 3078 ’

281 3177 365 3252 ges,
385 3149 475 3224 dum
495 3148 601 3221 Titus
628 3147 757 3220 natales
776 3148 893 3222 fratris
912 3168 950 3221 et
967 3147 1078 3222 Patris
1096 3146 1312 3236 celebravit,
1343 3175 1373 3225 1.
1392 3153 1500 3260 Mag·

282 3248 410 3323 uilicus
435 3242 632 3340 triumphus
652 3240 753 3331 Titi,
781 3244 916 3317 Romae
943 3242 1125 3341 peraesos,
1151 3267 1219 3319 una
1246 3267 1327 3317 cum
1345 3266 1502 3319 muneru-

280 3347 389 3420 busa
414 3339 589 3413 Gentibus
616 3339 659 3412 ad
684 3339 801 3433 Ipsum
830 3338 971 3429 delatis,
996 3359 1034 3413 et
1051 3346 1201 3412 nummis
1225 3337 1262 3408 in
1286 3339 1361 3432 ejus
1385 3337 1503 3411 hono·

280 3461 358 3514 rem
373 3434 481 3524 cusis,
505 3457 587 3508 cum
604 3433 857 3544 inscriptione,
876 3435 1013 3528 Judueo
1032 3451 1150 3530 capta,
1174 3433 1297 3505 devilia
1314 3432 1383 3507 etc.
1410 3430 1501 3511 Vid.

282 3531 510 3610 Mediobarb.
545 3529 591 3603 de
613 3530 788 3605 Numtsm.
813 3531 1079 3639 imperatorum.
1128 3526 1349 3624 Triumphus
1381 3549 1502 3607 autem

277 3631 351 3707 duo
376 3626 501 3700 habuit
526 3624 726 3722 smgularia,
769 3625 906 3705 sslentro
931 3647 1003 3698 non
1039 3622 1240 3720 premenda.
1291 3627 1398 3702 {Istum
1425 3624 1500 3717 est,

280 3723 376 3824 quod
400 3722 511 3818 spolia
544 3742 582 3794 et
606 3735 811 3796 ornamenta
840 3719 985 3818 Templi
1011 3717 1143 3793 fuerint
1169 3715 1343 3796 ostentata
1366 3740 1404 3797 et
1429 3720 1499 3795 cir·

278 3817 486 3908 eumdum,
520 3817 629 3986 muys
651 3816 786 3892 scilicet
820 3841 942 3909 aurea,
977 3815 1224 3903 candelabrum,
1256 3816 1339 3894 duae
1364 3840 1500 3893 acerrae

279 3919 305 3993 s
368 3939 387 3989 r
409 3913 543 4001 mensa,
595 3938 659 3988 uae
687 3920 784 3988 tubae
809 3912 942 4004 sacrae,
968 3931 1006 3987 et
1028 3909 1129 4003 vestes
1143 3908 1390 4006 sacerdotales,
1423 3913 1527 4002 imo,

281 4034 392 4088 ettam
427 4012 507 4083 liber
532 4010 653 4105 Legis,
695 4009 739 4082 de
767 4008 841 4105 ipsa
866 4011 982 4083 Roma
1005 4006 1144 4104 postea,
1178 4030 1243 4103 per
1268 4005 1500 4102 Euangelium

279 4106 488 4204 receptum,
522 4104 818 4200 triumphaturus:
845 4104 925 4194 sed,
951 4103 1043 4273 ‹Luod
1060 4102 1229 4200 fingulare
1245 4101 1314 4189 est,
1341 4101 1433 4176 nulla
1456 4103 1501 4178 fit

279 4230 383 4281 arcae
401 4201 549 4276 mentio.
598 4201 815 4276 Adservatur
832 4201 946 4274 adhuc
987 4223 1032 4275 oc
1051 4204 1316 4282 monumentum
1335 4197 1498 4293 Romae;

280 4302 340 4376 De
364 4298 574 4372 hiscevero
590 4294 708 4396 spoliis
736 4297 879 4395 Templi
903 4295 1015 4371 exstat
1039 4300 1178 4393 elegans
1201 4291 1251 4363 Cl.
1279 4291 1428 4366 Relandi
1456 4291 1508 4366 li·
1541 4366 1544 4374 ,

277 4396 402 4477 bellus.
448 4397 600 4470 Alterum
627 4390 698 4484 est,
741 4391 780 4468 in
812 4394 1029 4491 triumphurn
1062 4391 1162 4467 soille
1188 4385 1302 4461 adium
1329 4386 1499 4496 famosum

272 4490 379 4585 illum
394 4491 575 4584 Simoeun
594 4489 726 4572 coriae
743 4488 1028 4664 filitrfind‚dlgqueo
1038 4485 1219 4574 cinctum,
1236 4506 1328 4580 quo,
1345 4507 1501 4657 prlnle
1546 4496 1561 4529 ‘

265 4634 274 4653 ,
393 4644 397 4649 .
959 4607 982 4662 2
1357 4600 1418 4655 cae
1436 4601 1497 4681 us,
