3575 5884
1450 1203 1507 1317 ⁶¹ss

307 1372 424 1455 reduxit
450 1368 556 1464 euth3
584 1378 780 1545 'praeterea
809 1375 849 1448 in
881 1376 1070 1449 verborum
1102 1368 1175 1445 Dei
1196 1373 1497 1482 pronunciatione

303 1500 363 1550 non
381 1476 474 1549 Deus
499 1470 573 1568 ipse
610 1471 771 1569 oquitur,
796 1469 856 1561 sed
881 1470 926 1544 de
953 1472 1036 1544 Deo
1061 1467 1099 1542 in
1122 1486 1227 1549 tertia
1250 1469 1400 1566 persona
1424 1474 1494 1548 sca.

299 1571 421 1659 moht3
444 1568 536 1640 adeo
561 1587 601 1640 ut
624 1569 772 1641 verbum
795 1564 866 1641 Dei
883 1565 927 1639 ad
951 1566 1164 1660 Prophetam
1190 1566 1299 1663 Judae
1322 1590 1395 1640 non
1412 1569 1495 1662 fiat,

295 1667 345 1744 sed
365 1690 384 1741 a
406 1662 590 1736 Bethelico
614 1663 678 1760 ipii
702 1663 944 1738 denuncietur.
993 1663 1021 1732 F
1021 1659 1096 1734 aera
1121 1683 1207 1733 vero
1225 1662 1276 1736 est
1290 1661 1380 1752 haec
1395 1688 1496 1753 reve·

293 1761 392 1850 latio,
418 1782 490 1851 non
508 1759 590 1833 viro
604 1759 676 1832 Dei
694 1756 778 1855 ipfi,
803 1757 862 1832 sed
879 1755 1077 1853 Prophetae
1095 1755 1298 1848 Bethelico‚
1324 1783 1424 1852 curn,
1454 1779 1501 1836 ut-

288 1855 502 1934 mendaciurn
527 1854 620 1950 ejus,
645 1853 743 1950 supra
765 1869 1018 1942 memoratum,
1044 1850 1167 1928 clarius
1190 1873 1228 1927 et
1251 1855 1383 1930 certius
1407 1880 1494 1933 con·

284 1954 405 2043 (bret,
438 1950 586 2045 exejus
607 1949 680 2061 jam
703 1949 852 2047 proprio
876 1971 939 2023 ore
963 1948 1175 2036 refutatum,
1210 1967 1305 2041 tum,
1342 1971 1381 2027 ut
1409 1978 1495 2047 vera

283 2049 380 2127 causa
400 2045 529 2144 judicii
546 2047 622 2121 Der
646 2045 684 2120 in
707 2046 823 2122 virum
839 2044 998 2142 Jenovae
1024 2042 1187 2141 publice,
1215 2063 1252 2118 et
1276 2047 1370 2121 inter
1385 2050 1493 2141 lsrae-

282 2145 360 2224 litas
378 2142 523 2232 curius,
551 2143 784 2232 elucesceret,
809 2163 854 2217 ne
870 2139 966 2215 forte
983 2139 1279 2234 adiafingeretur,
1306 2146 1362 2216 vel
1387 2166 1424 2227 et
1437 2147 1495 2243 ju·

280 2242 415 2318 dicium
430 2263 452 2313 a
468 2237 549 2311 viro
564 2237 638 2311 Dei
653 2237 692 2311 in
707 2240 814 2315 attare
830 2236 1024 2334 prolatum,
1051 2253 1111 2309 tan
1135 2259 1212 2309 uam
1229 2239 1272 2310 ab
1288 2260 1333 2310 eo
1350 2238 1493 2333 fictum,

306 2362 347 2412 ro
371 2334 473 2411 causa
495 2333 701 2423 haberetur,
726 2353 764 2409 et
779 2331 830 2407 ita
845 2329 1033 2429 prophetia
1049 2258 1256 2406 eluderetur.
1305 2332 1421 2444 Quare
1439 2336 1493 2443 ip.

278 2360 518 2541 iepropheta
540 2429 740 2507 Bethelicus
763 2451 891 2506 veraru-
906 2425 1041 2503 causam
1060 2425 1209 2522 judieii,
1234 2450 1380 2505 nomine
1398 2431 1500 2525 Dei,

280 2530 351 2604 lucr
374 2524 501 2601 debuit
527 2547 718 2623 exponere.
1306 2602 1309 2609 ,

282 2662 286 2670 -
323 2623 358 2723 ς.
382 2622 501 2696 LXV.
542 2620 626 2695 Fuit
647 2618 791 2719 quidem
817 2617 992 2717 judicium
1024 2615 1220 2716 prophetae
1245 2619 1429 2697 Bethelico
1454 2621 1495 2703 in

280 2740 414 2818 genere
432 2735 567 2791 tanturn
584 2717 797 2806 revelatum,
820 2720 906 2819 quod,
916 2717 1055 2799 cadauer
1070 2715 1143 2812 ejus
1159 2719 1194 2787 iu
1200 2713 1404 2810 sepulchrum
1422 2715 1497 2811 Bo,

279 2834 446 2889 cremnon
460 2809 509 2907 fit
526 2829 712 2903 uenturum,
738 2810 863 2907 absque
887 2830 927 2885 ut
943 2829 1081 2908 tempus
1105 2834 1175 2905 quo
1190 2830 1406 2902 moreretur,
1431 2832 1495 2909 aut

279 2909 406 2985 mortis
425 2931 557 3004 genus,
584 2906 691 2982 fuerit
712 2906 1006 2996 determinatum,
1032 2929 1076 2978 ne
1101 2905 1274 3003 propheta
1292 2906 1401 3003 Judae
1425 2906 1492 2982 sci·

282 3006 370 3079 licet
390 3006 430 3078 ab
445 3002 574 3077 itinere
597 3024 635 3077 et
658 3001 775 3077 reditu
791 3002 829 3077 in
845 3000 992 3101 patriam
1008 3001 1282 3090 abstraheretur,
1307 3001 1365 3075 sed
1382 3027 1493 3077 even·

278 3122 337 3176 tus
362 3122 502 3174 omnem
537 3098 783 3173 obscuritatem
806 3099 845 3174 in
875 3101 990 3172 lucem
1025 3096 1143 3185 dedit,
1185 3114 1223 3168 et
1242 3096 1413 3193 judicium
1438 3098 1494 3173 die

277 3194 401 3273 uinum
426 3195 528 3271 fuiffe
552 3196 644 3269 clare
666 3193 789 3270 evicit.
834 3196 913 3267 Leo
932 3192 1027 3267 enim
1052 3190 1164 3288 ipsum
1188 3188 1225 3263 in
1251 3190 1309 3266 via
1334 3189 1491 3286 occidit,

276 3316 352 3368 non
376 3316 476 3366 more
493 3291 658 3380 leonino,
683 3289 741 3363 sed
756 3314 837 3364 cum
852 3290 960 3364 certis
976 3287 1116 3360 divinae
1141 3284 1346 3363 dirciiionis
1363 3288 1491 3386 ssgnh,

278 3388 318 3464 in
334 3412 378 3461 eo
397 3385 616 3495 conspicuis;
642 3387 830 3460 nonenim
851 3383 1038 3459 devoravit
1062 3381 1231 3470 cadaver,
1256 3382 1387 3459 asinum
1405 3410 1491 3482 quo·

278 3508 348 3582 que
372 3481 438 3556 reli
463 3501 516 3555 uit
540 3479 731 3570 intactum,
772 3480 846 3554 imo
873 3479 1028 3555 inmotus
1052 3497 1090 3552 et
1114 3476 1188 3573 ipse
1213 3476 1368 3570 adstitit,
1404 3499 1494 3552 tarn-r

279 3603 380 3681 quarn
475 3600 513 3651 os
537 3576 734 3665 cadaveris,
759 3573 938 3650 neminem
952 3574 1048 3648 laesit
1074 3569 1331 3662 transeuntem,
1358 3590 1396 3646 et
1410 3597 1490 3647 cor·

276 3698 341 3774 pus
364 3698 386 3749 a
408 3691 490 3749 vate
516 3671 698 3746 Bethelico
721 3670 849 3746 auferri
872 3670 964 3746 srvit
1012 3669 1113 3773 Quae
1130 3665 1248 3740 omnia
1263 3668 1384 3768 utique
1400 3669 1492 3747 clara

278 3789 378 3843 erant
409 3767 551 3842 divinae
573 3792 695 3841 manus
728 3766 844 3855 srna3
884 3787 922 3841 et
948 3766 1087 3840 leonem
1110 3785 1131 3836 a
1152 3763 1234 3835 Deo
1257 3763 1326 3842 effe
1353 3785 1489 3841 tantum

279 3864 477 3954 inmissum,
502 3883 541 3939 ut
567 3864 683 3938 virum
706 3863 776 3937 Der
801 3864 959 3937 violenta
981 3858 1149 3932 adficeret
1171 3877 1296 3936 morte.

323 3961 355 4062 ᾖ.
381 3962 515 4036 LXVI.
551 3958 731 4057 Sing'ulare
756 3958 840 4032 illud
863 3957 900 4029 in
917 3953 1125 4051 prophetam
1141 3954 1271 4051 Judae‚
1296 3957 1396 4031 acad
1413 3957 1490 4055 spe·

281 4057 374 4132 ciem
399 4058 500 4131 valde
526 4055 683 4129 severum
703 4051 897 4149 judicium,
923 4073 967 4122 eo
992 4050 1082 4123 mihi
1107 4046 1302 4125 collineaffe
1326 4052 1491 4144 videtur,

277 4173 315 4228 et
336 4152 419 4225 ideo
443 4147 641 4236 inmiffum,
686 4172 716 4222 1.
743 4165 783 4220 ut
806 4145 949 4234 veritas¹
965 4145 1174 4244 prophetiae
1208 4166 1331 4221 contra
1360 4150 1491 4241 altare,

280 4268 315 4321 et
331 4246 508 4321 certitudo
527 4241 733 4341 inplementi
752 4242 1036 4335 confirmaretur,
1063 4239 1243 4340 omnisque
1261 4241 1397 4317 occasio
1411 4247 1492 4346 regi

279 4364 315 4418 et
338 4345 472 4439 populo
497 4341 567 4414 sese
593 4339 820 4430 obfirmandi‚
861 4340 928 4414 acfi
960 4338 1169 4412 vaticinium
1192 4363 1214 4410 a
1235 4336 1318 4410 Deo
1343 4363 1489 4415 revoca-

277 4458 352 4513 tum
377 4438 484 4525 effet,
510 4435 723 4545 eriperetur:
749 4435 894 4511 sienim
919 4459 986 4509 una
1008 4431 1302 4538 mandati-divini
1319 4460 1408 4532 -pars
1434 4437 1490 4508 in·

279 4558 370 4635 pune
396 4534 513 4607 fuiffet
538 4533 688 4619 violata,
731 4549 769 4602 et
792 4555 812 4604 a
833 4532 917 4604 Deo
941 4529 1075 4605 censeri
1105 4524 1272 4627 poturffet
1303 4548 1491 4622 revocata,

280 4654 319 4707 ea
339 4629 442 4708 facile
463 4628 503 4708 in
526 4625 606 4726 ipsis
629 4623 723 4709 nasci
746 4626 862 4728 poffet
879 4626 1025 4723 opinio,
1052 4642 1170 4701 totum
1184 4621 1396 4704 vaticinium
1411 4623 1491 4723 ejus

914 4745 935 4816 3
1352 4743 1492 4821 ‘1¹¹⁰un

1561 4890 1611 5059 'i
