3575 5884
393 3131 506 3206 terat,
539 3109 633 3210 quod
658 3113 853 3214 prophetae
877 3114 1109 3190 israelitarum
1125 3113 1258 3188 suerint
1282 3111 1457 3202 Gentibus
1481 3113 1520 3188 in

407 949 480 1026 asp
750 919 1217 1027 mnam-accrepitante
1245 921 1287 1001 T.
1430 961 1434 968 ·

405 1105 480 1186 sese
510 1126 588 1182 non
612 1101 758 1180 solebat·
775 1101 998 1182 manifestum
1021 1105 1162 1198 facere,
1204 1105 1327 1202 utique
1347 1123 1422 1178 non
1445 1099 1491 1177 in*
1507 1121 1629 1178 reinaa

406 1203 543 1287 tiffimis
572 1199 681 1292 locis,
719 1199 764 1278 ad
786 1226 875 1300 quae
900 1201 1113 1300 prophetae,
1154 1199 1248 1278 stad
1270 1199 1358 1274 alios
1379 1199 1456 1273 able
1521 1218 1627 1272 entur

403 1299 571 1398 populos,
596 1321 771 1395 nunquam
796 1299 940 1374 suerunt
963 1300 1075 1390 niissi,
1098 1299 1142 1374 ad
1156 1297 1317 1387 vicinos,
1341 1294 1451 1392 quibu
1466 1318 1552 1370 cum
1565 1296 1626 1388 Jo-

401 1393 499 1472 dieis
521 1391 606 1491 quid
630 1393 836 1474 commercii
861 1414 938 1469 erat
961 1415 1098 1470 tantum
1119 1391 1367 1492 legarisoliti,
1392 1407 1481 1480 tum,
1505 1387 1625 1497 quod,

403 1513 486 1566 cuni
508 1490 608 1564 Deus
631 1488 704 1566 sese
738 1487 832 1564 inter
863 1491 1033 1565 israelitas
1055 1509 1095 1566 et
1118 1491 1438 1586 Judaeos-tautum
1459 1485 1624 1582 singulari

400 1583 511 1672 modo
534 1582 755 1682 praesentem
777 1583 1052 1676 demonstraret,
1084 1585 1284 1660 existimare
1307 1581 1487 1681 potuerit,
1520 1579 1623 1678 spiri·

402 1699 479 1758 tuin
503 1679 756 1778 propheticum
780 1699 881 1766 extra
905 1683 1028 1780 populi
1050 1682 1123 1761 Dei
1147 1683 1313 1782 regiones
1327 1703 1402 1754 non
1422 1675 1624 1755 communi·

399 1775 485 1854 cari.
533 1775 632 1878 Quae
656 1777 736 1862 sane
760 1773 830 1850 suit
854 1795 1017 1854 veterum
1038 1777 1176 1874 opinio.

333 1947 339 1960 ,
406 1913 412 1924 ·
447 1871 479 1974 s.
505 1873 631 1950 CLlll.
665 1873 735 1950 Sed
760 1871 939 1972 singtdaris
961 1873 1013 1950 est
1045 1872 1156 1964 ratio,
1190 1896 1296 1971 quare
1321 1871 1542 1970 legationem
1564 1893 1619 1943 re·

398 1968 554 2058 cul'avit,
588 1991 691 2064 quain
715 1967 790 2067 ipse
814 1969 934 2060 dedit,
966 1994 998 2046 c.
1022 1969 1092 2044 IV:
1124 1991 1233 2062 1-3.
1266 1968 1305 2040 in
1329 1967 1483 2056 ed'sita,
1525 1963 1622 2064 quod

397 2063 584 2144 concionis
608 2063 687 2140 suae
713 2065 851 2138 irritum
867 2064 1083 2160 praeviderit
1105 2063 1294 2152 effecimn,
1325 2063 1492 2160 adeoqbe'
1508 2062 1619 2160 Nini·

398 2185 472 2246 ven
497 2182 569 2232 non
593 2158 685 2248 esse,
712 2179 786 2234 tem
812 2183 875 2232 ore
897 2158 958 2234 illo
978 2183 1030 2252 40
1041 2159 1178 2234 dierum
1194 2159 1344 2248 statuto,
1367 2159 1618 2245 euertendam,

399 2255 460 2354 sed
480 2250 720 2347 resipiscentia
746 2183 916 2330 'adetum
940 2253 1024 2330 illud
1046 2277 1314 2353 praeventurum
1338 2255 1430 2330 elsa:
1463 2254 1561 2351 quud
1582 2253 1620 2328 se

398 2373 446 2426 ex
470 2345 616 2422 naturali
640 2348 713 2426 Dei
737 2278 918 2441 donitate,
943 2372 987 2424 ac
1009 2349 1277 2449 longanimitate
1300 2348 1502 2448 collegisse,
1526 2348 1620 2429 ibid„

356 2515 360 2526 .
397 2445 560 2524 declarat.
608 2443 677 2518 Sed
702 2445 786 2542 quid
809 2467 915 2555 aegre
939 2446 1019 2520 tulit
1041 2449 1175 2543 Jonas?
1214 2469 1319 2534 num,
1351 2445 1615 2522 Niniven-noii

396 2537 530 2631 deleri,
555 2559 621 2628 aii,
643 2543 722 2637 post
738 2541 831 2616 suam
848 2541 1174 2618 interminationem
1189 2535 1227 2615 id
1243 2564 1316 2614 non
1332 2541 1438 2616 fieri?
1464 2540 1491 2614 si
1502 2546 1613 2638 prius,

395 2637 489 2716 hanc
511 2637 634 2710 urbeni
658 2637 771 2733 ipsum
802 2637 948 2712 noluiffe
979 2639 1170 2726 servatam,
1210 2637 1332 2744 utique
1362 2661 1436 2710 non
1461 2637 1523 2724 fiio
1548 2633 1614 2708 mi·

396 2728 564 2820 nillerio,
605 2725 824 2808 statuendum
857 2732 962 2810 foret.
1016 2731 1227 2806 Praevidilse
1252 2752 1395 2828 „itaque
1424 2730 1615 2806 censendus

395 2825 468 2917 est,
494 2826 637 2915 urbem,
662 2827 775 2909 sitam
799 2825 1073 2903 extraordinaria
1095 2825 1137 2900 ad
1161 2851 1240 2900 eam
1263 2828 1366 2900 fieret
1390 2825 1546 2936 legatio,
1569 2824 1611 2901 ad

392 2923 431 2998 se
456 2919 666 3016 redituram,
692 2943 729 2998 et
750 2923 973 3022 poenitentia
994 2921 1156 3012 dottam,
1181 2946 1248 3020 pro
1271 2920 1347 2997 Dei
1369 2921 1610 3020 benignitate,

391 3013 597 3094 servandam
629 3018 711 3098 else.
759 3018 1034 3098 conversionem
1064 3018 1159 3094 urbis
1189 3041 1236 3092 eit
1257 3042 1304 3092 eo
1333 3017 1515 3114 conjicere
1544 3043 1618 3188 po

1570 3139 1607 3188 0.

392 3233 504 3302 nore,
538 3227 579 3284 ut
602 3229 647 3296 ex
672 3209 827 3310 Jeremia
848 3228 887 3282 et
908 3210 1089 3286 Chaldaeis
1115 3229 1234 3309 patet,
1274 3228 1457 3306 praeterea
1478 3209 1615 3284 summ

338 3353 342 3364 ·
391 3305 480 3382 esset
496 3302 590 3380 urbis
608 3304 812 3404 corruptio,
830 3303 969 3414 quae,i
996 3306 1029 3380 sa
1043 3307 1181 3380 ratione
1190 3359 1202 3396 ‚
1218 3324 1256 3380 et
1266 3303 1482 3380 conscientia
1498 3305 1606 3396 teste,

390 3399 455 3506 diti
478 3399 550 3504 sine
562 3397 689 3504 ‘divini
706 3401 877 3478 Numinis
898 3331 1057 3476 vindicta
1076 3402 1201 3475 durare
1217 3423 1291 3475 non
1314 3420 1465 3508 poterat.
1514 3405 1609 3478 Con·

388 3493 538 3578 scientia
560 3511 679 3588 itaque
703 3519 768 3594 per
792 3497 898 3574 talem
926 3495 1047 3570 virum
1071 3495 1244 3588 excitata,
1275 3495 1462 3572 Ninivitas
1533 3495 1607 3570 eiii·

388 3585 545 3664 tentiam.
560 3584 697 3663 astutos
721 3591 810 3684 else,
836 3587 1013 3690 plusquam
1035 3594 1217 3688 probabile
1243 3590 1447 3667 videbatur:
1486 3613 1610 3667 ivero

384 3679 537 3782 pisseri‘us
573 3679 798 3778 admittatur,
838 3685 904 3764 alia
933 3685 1038 3786 fugae
1068 3686 1160 3768 ratio
1191 3685 1256 3789 ipsi
1283 3712 1329 3762 ne
1354 3686 1408 3761 uit
1427 3686 1603 3777 adtribui,

388 3801 494 3876 quain
516 3777 674 3852 muneris
698 3779 771 3872 sui,
811 3798 849 3855 et
872 3782 1053 3881 Jehovae‚
1085 3782 1147 3882 qui
1171 3782 1283 3881 ipsum
1305 3711 1444 3860 adhoc
1465 3785 1602 3880 legave-

385 3892 460 3962 rat,
484 3871 600 3979 honor
624 3891 662 3945 et
686 3879 861 3971 pretium,
894 3879 993 3972 cujus
1015 3897 1238 3970 contemtum
1258 3900 1418 3954 metuere
1443 3898 1602 3976 poterat,

350 4013 355 4026 ,
386 3967 415 4042 ll
439 3965 681 4042 interminatio
703 3988 840 4043 careret
865 3972 1007 4045 esseda.
1052 3973 1215 4070 Posterius
1237 3970 1323 4048 licet
1343 3978 1459 4049 locum
1474 3975 1603 4050 habere

414 4061 566 4155 otuerit,
606 4085 688 4136 cum
717 4063 871 4140 absoluta
897 4064 1058 4142 videatur
1090 4070 1192 4146 fuisse
1216 4072 1327 4166 Jonae
1351 4071 1600 4160 denunciatio,

284 4233 286 4240 ,
346 4177 350 4188 ’
381 4085 457 4254 dine
482 4158 548 4232 ulla
569 4157 687 4234 addita
711 4157 941 4251 conditione,
983 4181 1023 4236 ut
1048 4185 1094 4238 ex
1118 4164 1194 4261 ejus
1214 4187 1443 4260 argumento,
1478 4189 1510 4242 c.
1536 4171 1600 4244 111:

272 4283 275 4290 ⁴
381 4280 421 4350 4
446 4249 609 4330 necnon
634 4277 679 4330 eii
705 4278 785 4331 vers
807 4279 841 4346 9.
867 4254 929 4330 ubi
954 4255 999 4330 de
1031 4259 1276 4354 poenitentiae
1300 4262 1379 4336 suae
1403 4262 1519 4337 srublu
1539 4263 1610 4344 du·.

383 4350 541 4448 bitautet
563 4349 752 4453 loquuntur
776 4349 990 4450 Ninivitae,
1012 4353 1136 4456 colligi
1158 4353 1293 4475 potest:
1321 4359 1458 4460 qiulem
1479 4357 1603 4526 seriari:

1564 4478 1584 4530 e
