3575 5884
314 1139 388 1220 320
493 1082 496 1087 .
656 1107 803 1211 lastaria
823 1102 1058 1211 Ecclesiastico
1079 1109 1123 1188 V.
1151 1106 1192 1189 T.

355 1297 389 1403 ἦ.
416 1293 641 1374 cccxxvi.
677 1289 953 1370 celeberrimum
979 1289 1031 1365 est
1057 1293 1142 1392 Cyri
1168 1317 1321 1390 nornen,
1348 1322 1422 1377 non
1448 1321 1526 1382 ran·

308 1413 388 1472 tum
427 1391 568 1471 virtutis
599 1385 743 1466 bellicae
777 1389 965 1487 rel'petiu,
1015 1387 1061 1461 de
1092 1414 1159 1486 qua
1195 1391 1234 1469 in
1267 1395 1358 1473 Dili.
1393 1400 1456 1477 ΠΙ.
1478 1403 1522 1479 ad

310 1493 404 1579 Dan.
453 1489 583 1566 laribus
607 1485 688 1582 egi,
713 1484 751 1558 in
769 1488 864 1580 perdi
888 1503 925 1558 et
949 1485 1066 1559 arietis
1092 1486 1299 1566 emblemate
1324 1494 1421 1571 Dan.
1446 1496 1519 1573 Vll

310 1607 350 1665 et
375 1515 478 1663 Vlll.
505 1583 573 1658 hac
615 1601 691 1654 arte
708 1578 939 1690 explicando,
964 1579 1061 1689 etad
1079 1582 1191 1680 ipsum
1206 1587 1438 1683 adplicando,
1461 1593 1520 1673 sed

308 1701 348 1758 et
371 1679 542 1753 virtutum
600 1700 710 1751 rarum
736 1677 940 1767 moralium,
966 1699 1004 1748 rn
1022 1676 1139 1777 specie
1167 1683 1377 1763 clementiae
1404 1707 1444 1760 et
1459 1689 1514 1762 be·

305 1775 512 1879 nignitatis,
537 1772 575 1847 in
600 1797 712 1871 regno
736 1771 1028 1862 administrando,
1054 1793 1091 1846 et
1116 1778 1206 1850 bello
1226 1781 1413 1874 gerendo·
1446 1784 1516 1858 Iso·

306 1881 422 1949 crates
438 1871 476 1944 in
494 1872 551 1944 Ev
597 1892 647 1945 or.
673 1868 812 1967 quidem
839 1869 941 1942 aliter
957 1868 1001 1945 de
1017 1870 1101 1964 Cyri
1123 1871 1339 1949 facinoribus
1360 1876 1512 1972 judicat,

303 1966 363 2057 sed
391 1966 547 2041 exodio
587 1982 665 2038 orte
683 1966 841 2054 Graeco,
868 1983 905 2036 et
929 1986 1184 2066 rumore‚·non
1209 1992 1267 2046 ern
1281 1990 1382 2046 certa
1405 1972 1509 2053 scien·

305 2063 379 2153 tia,
403 2087 483 2140 cum
505 2064 609 2169 longe
627 2061 693 2136 alia
721 2083 792 2135 non
811 2060 975 2156 Xenoph.
1002 2080 1158 2152 tantum,
1181 2063 1293 2138 sedet
1312 2068 1507 2162 Herodot,

304 2160 457 2253 Ctesias,
483 2156 594 2236 etalii
612 2156 656 2230 de
673 2157 749 2254 ipso
775 2157 921 2231 tradant.
969 2155 1156 2256 Astyagem
1181 2161 1223 2232 ab
1250 2158 1328 2258 ipso
1352 2163 1509 2242 humani·

303 2276 362 2335 ter
395 2255 496 2333 fuine
530 2252 712 2327 uallatum
746 2275 868 2325 omnes
898 2249 1067 2329 referunt.
1115 2254 1233 2330 Croesi
1263 2256 1433 2352 historia,
1474 2280 1510 2339 ut

300 2357 344 2443 ab
369 2351 504 2430 Herod.
530 2366 706 2437 narratur,
741 2346 889 2424 fabulam
912 2347 1067 2439 redolet,
1099 2352 1156 2426 vel
1179 2350 1339 2430 fabulolis
1363 2355 1505 2433 circum·

252 2465 256 2471 '
299 2447 435 2526 stantiis
458 2443 584 2519 vestita
609 2441 681 2531 est3
716 2442 816 2516 srvel
841 2465 925 2517 vera
949 2442 1062 2535 foret,
1095 2469 1168 2518 non
1194 2449 1307 2544 Cyro,
1343 2452 1405 2527 sed
1430 2456 1506 2528 Per·

298 2544 361 2634 lis,
402 2540 518 2619 invito
545 2563 611 2627 en,
645 2538 867 2627 adscribenda
888 2534 974 2612 effet
998 2540 1202 2633 crudelitas,
1242 2543 1437 2623 secundum
1459 2549 1506 2628 N.

297 2635 506 2715 Damasceni
533 2633 766 2710 narrationem
785 2635 822 2707 in
836 2634 1002 2730 Excerpt.
1030 2637 1170 2711 Valesri.
1217 2640 1286 2714 Sed
1307 2665 1329 2715 a
1350 2642 1505 2740 justitia,

296 2736 473 2834 aequitate
499 2752 537 2807 et
569 2731 804 2823 humanitate,
845 2755 865 2808 a
899 2729 1091 2809 Veteribus
1116 2733 1240 2903 {assim
1269 2737 1430 2815 laudatus
1458 2740 1505 2817 est

295 2834 425 2924 Cyrus,
468 2828 519 2902 uti
554 2827 722 2921 Vitringa
754 2827 798 2900 ad
829 2825 898 2922 Jes.
932 2828 1014 2904 XLI
1046 2850 1082 2900 et
1115 2829 1230 2904 xlv.
1271 2834 1504 2928 demonstrat,

293 2922 473 3021 produelis
490 2919 718 3009 testimoniis,
743 2921 867 3021 quibus
889 2921 957 3029 alia
973 2921 1052 2996 addi
1078 2924 1237 3018 pollent3
1286 2954 1414 3005 uorum
1433 2957 1504 3007 me·

291 3019 378 3094 mini
403 3018 441 3094 in
466 3017 553 3091 Diff.
578 3018 621 3091 ad
647 3019 737 3091 Dan.
765 3017 824 3091 ubi
848 3035 955 3107 etlam
984 3018 1185 3109 observari,
1205 2951 1363 3122 julinae
1389 3050 1504 3121 voce,

290 3139 378 3225 quae
408 3113 452 3184 de
478 3115 572 3210 Cyro
601 3112 784 3206 usurpatur
807 3138 826 3191 a
846 3111 915 3207 Jes.
939 3114 960 3187 l.
988 3137 1018 3188 c.
1045 3138 1117 3190 non
1144 3125 1311 3195 moralem
1330 3121 1504 3219 fignifica-

288 3234 321 3284 rr
346 3210 537 3297 virtutem,
573 3231 617 3280 eo
641 3209 788 3281 nomine
813 3226 951 3300 notam,
993 3210 1052 3283 sed
1075 3209 1276 3307 heroicam,
1317 3215 1380 3292 seu
1409 3225 1504 3293 robur

288 3327 327 3384 et
351 3306 511 3404 inpetum
534 3302 573 3378 in
596 3302 729 3403 praelio
748 3301 944 3394 invidum,
968 3306 1011 3378 ab
1028 3305 1216 3414 originaria
1232 3310 1333 3385 vocis
1347 3314 1501 3411 potesta-

286 3423 349 3497 te,
374 3423 411 3478 et
427 3403 508 3493 usu,
537 3424 609 3475 non
626 3400 796 3488 alienum,
823 3401 929 3475 nexui
949 3400 1136 3492 sennonrs,
1161 3405 1264 3480 unice
1283 3430 1503 3506 congruum,

285 3498 324 3576 et
352 3505 446 3595 Cyro
474 3497 678 3595 proprium;
718 3495 771 3569 uti
796 3495 951 3592 pluribus
984 3500 1203 3595 conprobavi
1228 3501 1441 3581 testimoniis
1464 3507 1503 3587 in

285 3595 432 3669 Differt.
484 3594 578 3668 Deni
604 3619 668 3683 ue,
704 3616 806 3703 quam
831 3593 1042 3668 benevolum
1067 3593 1137 3668 sese
1166 3596 1309 3692 Judaeis
1341 3604 1505 3681 exulibus

310 3687 519 3777 raestiterit,
547 3619 695 3762 relitum
712 3708 748 3761 ln
767 3688 915 3784 patriam
933 3688 1183 3779 concedende,
1211 3713 1249 3766 et
1266 3694 1304 3770 in
1323 3698 1429 3774 rebus
1444 3700 1501 3775 in·

280 3713 471 3863 laetandis
504 3807 609 3892 opem
644 3785 863 3877 praebendo,
904 3806 949 3856 ex
980 3781 1123 3857 historia
1152 3787 1315 3882 Judaica,
1357 3791 1498 3890 dequo

281 3878 421 3983 postea,
446 3879 579 3950 nemini
608 3900 678 3949 non
711 3879 855 3954 constat.
905 3878 1010 3981 Quod
1040 3878 1191 3979 denique
1214 3885 1256 3958 ad
1287 3886 1494 3985 religionem

280 3980 355 4076 ejus
375 3971 530 4059 adtinet,
557 3973 641 4046 licet
656 3972 698 4045 ad
717 3976 793 4048 veri
815 3975 883 4050 Dei
901 3977 1033 4051 llmelis
1048 3977 1232 4068 notitiam,
1257 4000 1295 4055 et
1313 3984 1494 4082 aliqualem

278 4073 520 4171 agnitionem,
546 4092 624 4141 eum
653 4067 752 4145 luisse
779 4098 842 4166 per
868 4075 1072 4159 Danielem,
1096 4094 1134 4147 et
1158 4075 1262 4167 alios,
1294 4076 1497 4156 monstratis

278 4192 418 4280 quoqne
435 4163 502 4261 Jes.
528 4161 572 4234 de
597 4163 673 4258 ipso
688 4163 886 4256 vaticiniis,
912 4168 1116 4259 addueium,
1143 4173 1234 4267 quod
1254 4174 1335 4280 Jose
1362 4177 1398 4250 h.
1421 4177 1499 4253 An·

276 4284 340 4361 trq.
365 4265 386 4336 l.
413 4262 475 4336 XI:
507 4283 536 4334 1.
562 4282 700 4354 quoque
728 4285 801 4333 non
824 4263 981 4358 neglexit
1008 4267 1210 4359 observare,
1252 4269 1389 4347 inficias
1422 4296 1499 4350 non

274 4357 421 4446 iverim,
447 4354 564 4431 editto
583 4354 688 4427 etiam
718 4355 791 4448 ejus
814 4357 856 4429 in'
877 4358 1034 4433 favorem
1061 4362 1291 4459 Judaeorum,
1317 4377 1387 4464 quo
1412 4391 1498 4467 reg·

272 4482 316 4533 na
337 4454 432 4534 srbia
452 4456 534 4526 Deo
558 4450 636 4526 data
660 4449 808 4540 fatetur,
838 4451 944 4525 teste:
971 4454 1120 4529 statuere
1139 4477 1254 4532 tamen
1273 4485 1346 4537 non
1362 4461 1492 4555 ausim,

271 4579 351 4632 eum
368 4573 471 4631 verae
490 4546 654 4647 religioni
676 4544 776 4624 unius
803 4547 874 4626 Dei
899 4549 1032 4628 Israelis
1055 4548 1156 4628 luille
1172 4553 1495 4675 addi&um‚.·qu9d
