3575 5884
295 1128 364 1261 ψ
633 1140 780 1257 ffistoria
804 1140 1036 1242 Ecclefilplica
1052 1144 1103 1231 2V.
1135 1139 1173 1219 T.

291 1350 483 1428 utrumque
504 1325 589 1400 licet
611 1321 806 1420 prophetae
830 1321 953 1432 pallum
970 1342 1076 1433 agant
1101 1348 1255 1421 omnes‚·
1269 1330 1307 1405 in
1324 1356 1370 1408 eo
1394 1354 1523 1419 tanen.

291 1422 484 1515 fdifferunt,
505 1419 605 1519 quod
627 1419 685 1495 alii
711 1423 749 1495 in
771 1416 872 1525 hoc„
896 1419 956 1492 alu
986 1420 1025 1494 in
1047 1420 1127 1513 ulo,
1161 1428 1347 1522 praecipue
1372 1436 1512 1517 versem

290 1544 377 1615 tur..
407 1523 465 1597 Sic
494 1541 540 1595 ex
572 1540 624 1616 gr.
657 1516 696 1590 in
710 1524 715 1529 '
728 1513 840 1613 Jeszua
871 1532 909 1588 et
939 1514 1107 1593 Zacharia
1138 1522 1431 1621 consolatorium,
1473 1531 1510 1609 in

290 1622 410 1705 Hosea
436 1636 473 1690 et
496 1612 592 1703 aliis,
617 1613 836 1688 ¹elenciieum
868 1610 986 1706 pamm
1012 1611 1211 1710 dominatur
1238 1642 1510 1720 argumentum,

287 1716 416 1816 quippe
440 1707 736 1805 Ephraimitarurn
761 1730 894 1804 regno,
909 1803 916 1813 ι
933 1728 971 1782 ct
996 1723 1195 1803 temporum
1220 1711 1367 1793 illorum
1382 1717 1511 1815 statui,

288 1810 399 1909 magis
422 1805 703 1882 adcommodum.
751 1806 870 1879 Partes
894 1803 974 1877 lrbri
996 1807 1176 1901 generales
1198 1809 1333 1888 fucilr'us
1349 1814 1509 1915 indagari

313 1903 498 1992 otuiffent‚
525 1920 563 1979 et
580 1900 730 1992 certius,
754 1899 779 1973 li
797 1897 989 1973 conciones
1006 1953 1017 1987 ,
1042 1898 1186 1978 diversis
1213 1911 1430 2002 temporibus
1445 1920 1506 1989 lra-

286 1929 405 2092 Eitae,
440 1997 615 2075 nonnullis
648 1996 791 2078 fuissent
815 1994 909 2069 notis
938 1992 1132 2072 distintlae.
1182 1999 1298 2091 Totus
1320 2006 1412 2080 liber
1434 2033 1511 2095 uno,

286 2100 414 2177 tenore
436 2093 612 2185 decurrit,
646 2112 686 2167 ut
711 2091 869 2181 videtur,
902 2115 922 2164 a
945 2096 1019 2189 cup'.
1045 2093 1155 2185 Nlo,
1189 2121 1271 2172 cunr
1298 2101 1364 2192 tria
1389 2103 1512 2199 primu

286 2196 406 2297 capita
427 2191 492 2269 visr
516 2189 707 2280 ecstatici,¹
721 2190 759 2265 in
782 2186 962 2354 principio
984 2188 1137 2263 muneris
1159 2188 1228 2287 ipli
1251 2194 1354 2288 faeti,
1386 2222 1507 2277 narra·

286 2288 425 2381 lienem
440 2287 647 2363 contineant
663 2303 702 2357 et
718 2307 788 2376 exp
802 2302 1013 2371 restionem
1046 2282 1113 2363 aeli
1138 2310 1239 2375 tunm
1265 2310 1509 2371 tantumcon.

284 2391 428 2467 cionem
449 2407 471 2455 a
496 2405 572 2477 cap.
597 2380 709 2468 le,
734 2399 805 2450 uno
830 2376 1026 2475 eodemque
1051 2386 1215 2478 tempore
1232 2386 1508 2484 pleno'peetore

283 2480 448 2569 effirsam,
466 2474 641 2563 absolvat,
666 2473 751 2547 licet
765 2490 902 2546 certum
918 2472 978 2563 fit,
997 2474 1106 2547 varias
1123 2477 1334 2574 conciones,
1353 2484 1507 2562 diversrs

282 2573 501 2676 temporibus
525 2569 679 2667 habitas,
705 2568 777 2643 five
793 2566 967 2666 integras,
993 2568 1066 2678 sive
1081 2569 1120 2643 in
1137 2562 1301 2652 sunitiram
1322 2580 1508 2674 redactas,
1539 2596 1544 2611 “

280 2674 324 2766 in
349 2696 435 2749 eor
482 2666 588 2760 eriri,
613 2689 681 2745 nec
706 2676 920 2763 tarnen'tanr
943 2664 1046 2739 facile
1068 2663 1120 2740 est
1144 2691 1201 2745 eas
1223 2673 1259 2751 se
1284 2676 1399 2767 arere,
1433 2678 1510 2760 dif-¹

281 2760 412 2857 ficili'ns
434 2791 455 2841 a
478 2766 568 2855 huc,
594 2785 652 2837 eas
684 2759 752 2836 suis
772 2758 923 2932 adligare
948 2758 1176 2860 temporibus.
1225 2700 1507 2872 Tinnvit‘qui-

280 2859 555 2962 d'em'posterius
571 2856 753 2956 Ligtfotus
775 2857 813 2931 in
850 2855 968 2947 ‚hron
994 2870 1144 2955 tempor,
1170 2879 1219 2959 et¹
1234 2864 1308 2942 ord,
1334 2886 1421 2942 text
1450 2870 1502 2945 V,

279 2962 334 3040 T.
360 2960 419 3058 qui
446 2955 558 3054 prima
583 2972 731 3053 quatuor
754 2950 870 3049 capita
894 2953 1030 3051 inipso
1063 2953 1434 3059 concionandiprinci
1463 2963 1504 3041 io

150 3107 152 3112 -
280 3057 386 3137 soille
407 3053 562 3153 prolata,
589 3072 663 3123 non
687 3049 759 3123 srn'e
782 3046 940 3139 ratione,
966 3048 1161 3142 existimat,
1186 3053 1347 3152 quintum
1364 3076 1413 3132 et.
1434 3083 1499 3135 ex·

278 3177 360 3234 tum
384 3145 567 3237 conneciit
592 3168 674 3218 curn
697 3141 834 3218 Achati
858 3163 1042 3240 tempore,
1101 3146 1255 3244 ostquan'r
1287 3155 1330 3229 ab
1355 3153 1427 3229 Aff
1444 3155 1504 3239 pio

309 3250 436 3327 etierat
470 3239 658 3332 auxilium,
700 3258 739 3314 et
770 3238 901 3338 reliqua
931 3239 974 3314 ad
1004 3170 1160 3320 Hiziuae
1183 3263 1342 3345 tempora
1365 3181 1499 3343 relzrt,

280 3373 359 3425 non
375 3339 487 3420 solido
512 3333 593 3413 satis
608 3333 848 3410 fundamento.
880 3332 988 3410 Miffa
1003 3335 1120 3433 itaque
1137 3358 1337 3437 temporum
1352 3343 1498 3421 distinc-

278 3445 402 3535 tione,
427 3459 514 3537 quae
537 3441 697 3523 accurate
719 3429 799 3505 fieri
825 3424 969 3602 nepum,
994 3432 1186 3513 conciones
1206 3460 1275 3604 per
1290 3463 1499 3536 argumenta

278 3564 421 3628 earum,
445 3529 548 3625 et,'sr
583 3540 628 3606 ua
643 3542 852 3623 occurrunt,
900 3523 1109 3620 inniteris,
1127 3527 1203 3606 divi
1220 3530 1279 3607 ilie
1302 3534 1498 3625 suffecerit,

276 3635 361 3716 Post
383 3630 540 3730 priorem
561 3555 645 3700 libri
669 3641 824 3720 partem,
851 3644 927 3731 cap.
952 3622 1096 3730 1-7111‚
1131 3650 1218 3722 quae
1243 3629 1313 3703 duo
1338 3631 1410 3706 visa
1434 3657 1499 3711 ex.

277 3733 386 3811 hibet
410 3721 594 3810 ecstatica,
620 3718 749 3826 dequo
769 3740 875 3807 mox,
892 3739 940 3826 ,ιη
964 3719 1143 3818 principio
1169 3723 1321 3814 muneris
1343 3727 1408 3823 ipfi
1431 3731 1496 3801 ob.

274 3835 365 3916 lata,
390 3839 427 3905 et
453 3842 533 3893 curn
555 3816 698 3913 publico
723 3831 1001 3909 communrcata,
1035 3814 1218 3914 sequentes
1244 3819 1315 3894 sese
1339 3823 1497 3896 offerunt

274 3916 472 4007 ,conciones
502 3910 610 4011 partis
629 3908 711 3983 libri
743 3908 959 4007 posterioris.
1006 3911 1119 3987 Prima
1145 3938 1220 4013 cap.
1246 3917 1314 3992 lV.
1340 3918 1421 4014 quia
1438 3919 1496 4011 .se7

279 4030 389 4127 quens
419 4027 525 4108 caput
558 4031 639 4104 curn
670 4003 803 4080 solenni
836 4006 1004 4098 formula,
1045 4011 1154 4084 audite
1184 4018 1314 4089 serlum
1338 4015 1495 4105 Domini,

277 4110 389 4220 neque
412 4105 538 4202 incipit
560 4128 601 4177 ac
617 4122 691 4194 cap.
717 4100 788 4201 IV}
834 4105 983 4178 Secunda
1008 4101 1125 4201 itaque
1142 4109 1271 4183 concio
1296 4130 1327 4184 c.
1355 4110 1413 4197 V,
1439 4109 1494 4183 us-

287 4206 348 4298 ⁸ue
373 4207 416 4289 ad
441 4229 471 4283 c.
498 4202 564 4277 VI:
595 4193 727 4306 &sese
750 4194 926 4305 porrigit,
951 4221 1053 4288 cunr,
1080 4201 1173 4297 quod
1199 4201 1363 4298 promissa
1387 4205 1496 4302 finire

278 4249 409 4403 poleam
427 4296 616 4383 conciones
632 4307 949 4382 lntermlnatorla8‚
977 4311 1050 4367 turn
1075 4319 1106 4370 c.
1133 4297 1200 4372 VI:
1226 4322 1261 4390 4.
1287 4299 1399 4393 aliud,
1434 4300 1497 4394 seu

281 4405 514 4497 gleucinum,
555 4404 797 4493 argumentum
833 4386 983 4462 resumat
1016 4389 1202 4488 Propheta.
1262 4393 1377 4487 Tutin
1407 4420 1428 4470 a
1460 4413 1496 4481 cr

280 4518 408 4601 v1·,4.
433 4491 589 4575 decurrit
616 4486 659 4563 ad
692 4481 801 4567 finem
833 4505 909 4581 cap.
939 4484 1371 4585 v11.·cum‚cap.pvru.
1399 4515 1498 4569 nova

278 4573 425 4703 nnn
452 4582 615 4699 'incipiat
668 4578 824 4689 Quartae
838 4616 843 4620 “
856 4579 979 4667 lubens
1010 4579 1129 4699 meu
1161 4604 1236 4687 cap.
1257 4586 1376 4669 ¹rur.
1410 4584 1498 4665 ruet
