3575 5884
610 1085 635 1156 ·'
677 1088 875 1182 5'Perhdus
900 1092 1038 1185 otram
1108 1095 1134 1105 ..
1411 1112 1488 1197 389

268 1277 449 1383 benigne,
474 1284 555 1383 post
579 1303 634 1359 tot
651 1287 739 1366 bella
755 1305 792 1360 et
809 1288 1022 1380 certamina,
1048 1287 1147 1363 fuisse
1163 1276 1329 1365 traelatos
1352 1309 1373 1359 a
1391 1280 1484 1359 Ves-

268 1382 435 1479 pasranis,
459 1404 496 1453 et
521 1402 644 1454 contra
664 1383 782 1456 hostes
810 1382 994 1475 defensos,
1023 1386 1166 1458 seruatis
1191 1411 1311 1459 eorum
1336 1381 1483 1480 privile·

268 1477 361 1576 giis,
387 1495 427 1549 ut
443 1477 681 1567 Antiochiae,
709 1478 942 1551 Alexandriae
969 1482 1124 1554 etalibi:
1153 1482 1240 1556 srcut
1257 1481 1398 1580 Josepb.
1423 1475 1486 1550 ali·

268 1596 340 1648 eno
363 1572 444 1645 loco
469 1575 626 1670 expresse
654 1573 805 1647 adseruit
832 1573 919 1648 Ant.
944 1576 966 1650 l.
992 1578 1073 1650 XII.
1100 1600 1132 1648 c.
1162 1602 1195 1673 3.
1477 1592 1479 1599 '

271 1686 275 1702 ¹
313 1667 346 1768 §.
374 1667 562 1742 DLXVll.
604 1669 797 1744 Historiam
819 1669 1021 1768 Judaicam,
1063 1672 1104 1744 ad
1129 1674 1235 1745 finem
1259 1668 1485 1771 perduilam,

266 1783 452 1857 antequam
485 1765 617 1837 missam
640 1765 786 1857 faciam,
818 1789 928 1863 pauca
952 1768 1163 1844 subtexenda
1187 1766 1264 1840 sunt
1296 1767 1340 1840 de
1366 1768 1485 1861 Agrip·

288 1889 312 1937 a
335 1858 497 1952 Junhrr,
538 1862 613 1934 filio
646 1863 802 1936 Herodis
827 1860 1010 1959 Agrippae
1043 1863 1209 1958 majoris,
1251 1862 1367 1936 ultimi
1392 1859 1489 1958 regie

263 1882 502 2127 Ludaeorum,
529 1956 587 2052 qui
612 1956 686 2029 fato
709 1958 826 2054 gentis
849 1959 931 2031 suae
951 1961 1174 2054 supervixit,
1204 1975 1347 2031 etcum
1372 1959 1487 2045 Tito,

309 2054 515 2150 ierosolyma
538 2050 727 2141 destrueta,
754 2055 906 2126 Romam
929 2053 1048 2140 venit,
1081 2056 1142 2128 ubi
1167 2052 1272 2127 senex
1297 2052 1487 2126 admodum

266 2150 380 2238 obiit,
415 2151 531 2224 seculo
579 2147 671 2220 rimo
696 2170 764 2220 aer.
791 2147 917 2222 Christ.
950 2150 994 2223 ad
1018 2150 1135 2240 ‚finem
1168 2169 1359 2246 vergente,
1385 2145 1485 2220 sarrul
1578 2148 1580 2153 ’

265 2245 409 2320 ultimus
431 2246 499 2319 fuit
523 2242 639 2340 strrpis
661 2242 922 2351 Herodiadum,
947 2269 1054 2344 quae,
1079 2269 1181 2344 quam
1197 2246 1399 2333 numerosa,
1431 2240 1486 2314 se·

265 2342 383 2415 culum
409 2363 481 2414 non
504 2339 664 2429 duravit,
705 2356 759 2412 utr
785 2341 854 2435 Jos.
881 2341 966 2415 Ant.
991 2343 1131 2417 XVlll.
1157 2341 1217 2416 ubi
1240 2339 1486 2438 genealogiam

264 2434 425 2512 Herodis
458 2434 662 2525 contexuit,
705 2434 918 2510 observavit.
967 2437 1147 2535 Agrippa,
1186 2457 1288 2533 patre
1319 2456 1487 2524 mortun,

261 2531 475 2610 succeffione
499 2533 534 2606 in
560 2553 691 2629 regno,
715 2550 900 2629 praetextu
925 2533 1227 2623 minorennitatis,
1255 2534 1397 2630 quidem
1420 2553 1485 2644 err-¹

263 2626 497 2834 {libila
517 2625 877 2834 “rhltnrslll
894 2628 1486 2835 &hilthlgll‘thhh

263 2820 385 2895 fratrrs
408 2820 591 2916 Agrippae
618 2839 761 2914 majoris
786 2837 902 2891 morte
927 2844 1060 2908 vacuo,
1086 2837 1280 2917 praetento
1296 2818 1484 2896 Arrstobu·

262 2918 322 3007 ln,
357 2913 431 2988 filio
459 2913 614 2988 Herodis
639 2911 835 2989 Chalcidis:
874 2914 1015 3012 accepit
1040 2938 1179 3012 quoque
1203 2916 1394 3011 supremam
1409 2940 1483 2992 cu·

262 3035 339 3085 ram
364 3010 470 3084 stolae
497 3009 732 3120 PontificaIiS,
775 3027 811 3083 et
837 3009 1076 3084 thesaurorum
1104 3012 1269 3120 Templi,
1287 3105 1295 3121 .
1311 3037 1391 3087 cum
1415 3037 1482 3111 po·

263 3104 935 3309 {2¹³3}felllleilff‘lfellhssli
958 3106 1484 3311 ffigssdssssssllffllssrmffilg

261 3296 333 3471 pos.
359 3297 445 3372 Ant.
470 3299 550 3372 XX.
575 3316 612 3370 et
639 3299 757 3370 Tacrt.
784 3298 833 3371 H.
859 3298 908 3372 V.
933 3297 992 3372 sed
1017 3299 1245 3395 quadriennro
1269 3297 1369 3392 post,
1394 3301 1484 3373 loco

277 3393 362 3468 stius
386 3393 511 3488 regni,
552 3392 589 3466 in
615 3391 858 3490 polseffionem
881 3395 1093 3469 tetrarchiae
1116 3391 1482 3488 Philippipdefuncti,
1634 3436 1638 3447 ·

262 3490 329 3567 filii
354 3489 511 3562 Herodis
535 3491 613 3579 M.,
647 3487 803 3564 inmissus
826 3486 900 3576 est;
933 3489 991 3563 cui
1016 3491 1120 3562 Nero
1149 3484 1308 3582 adjunxit
1338 3507 1485 3586 parteur

261 3585 439 3662 Galilaeae
462 3602 575 3681 prope
607 3587 721 3660 lacum
747 3583 981 3657 Genezareth.
1029 3583 1332 3679 Hierosolyma-m,
1376 3609 1484 3682 quam

261 3683 428 3777 frequens
453 3680 630 3771 visrtavit,
674 3676 814 3753 ornavlt
838 3678 998 3779 quidem,
1039 3681 1189 3776 superbo
1213 3677 1320 3752 etiam
1348 3679 1485 3758 strutio

261 3775 418 3876 palatin,
443 3799 509 3848 nec
534 3795 650 3850 tamen
670 3775 809 3871 Judaeis
826 3778 966 3872 semper
982 3795 1100 3874 gratus
1126 3774 1217 3862 suit,
1242 3776 1350 3851 etiam
1369 3802 1481 3876 prop·

261 3893 318 3949 ter
344 3870 458 3966 ipsum
482 3871 564 3945 illud
592 3873 782 3969 palatium,
814 3873 907 3973 quod
935 3872 1089 3969 Templo
1113 3869 1330 3963 inminebat,
1355 3893 1393 3946 et
1415 3899 1483 3950 un·

261 3970 308 4045 de
346 3967 511 4062 quicquid
545 3966 596 4041 ibi
630 3968 815 4065 gerebatur
842 3966 968 4063 inspici
1029 3986 1166 4058 oterat,
1200 3967 1352 4065 aliosque
1383 3968 1484 4044 suntv-

261 4085 316 4140 tus
344 4062 486 4137 nimios.
531 4065 663 4137 Bellum
688 4085 767 4136 curn
795 4061 965 4136 Romanis
1005 4062 1113 4137 rostra
1137 4086 1282 4140 conatus
1304 4061 1354 4133 est
1374 4087 1482 4157 prae·

261 4158 406 4246 venire,
434 4158 590 4326 Judaeos
617 4183 775 4255 quoque,
808 4183 853 4231 eo
886 4160 1054 4250 durante,
1099 4160 1266 4234 incassum·
1296 4158 1400 4232 adse
1432 4162 1482 4238 iia

261 4254 431 4350 subjicien
458 4280 535 4343 um,
561 4255 718 4327 hortatus
741 4251 802 4327 est.
850 4255 976 4329 Excisa
1001 4259 1108 4346 urbe,
1135 4279 1213 4329 curn
1231 4253 1402 4329 Berenice
1420 4259 1477 4331 so»-

261 4373 366 4439 rore,
399 4348 457 4422 sed
484 4374 632 4447 quaeum
665 4347 990 4450 incestuosevulgo
1017 4353 1234 4428 existimatus.
1254 4347 1305 4421 est
1330 4354 1477 4426 consue·

261 4446 368 4534 ville,
413 4447 510 4555 cujus
536 4445 712 4543 utriusque
745 4447 881 4522 mentio
898 4448 958 4523 est
980 4449 1058 4522 Au.
1083 4447 1201 4520 XXV.
1251 4447 1375 4520 Titum
1399 4451 1481 4523 Ro·

261 4558 356 4622 mam
371 4561 559 4621 comitatus
574 4542 644 4637 est,
670 4544 744 4642 ejus
769 4542 929 4715 stpgulari
953 4543 1074 4619 fauore
1089 4540 1251 4639 gaviliu,
1269 4541 1377 4618 etiam
1394 4569 1480 4643 caug

829 4659 957 4739 eeeg
