3575 5884
279 1123 356 1199 442
624 1093 1094 1198 ffistoria·-sscttestafltcae'³1⁷.
1123 1096 1162 1174 t.

285 1288 473 1360 Praeterea
491 1274 694 1355 Demettius
717 1297 803 1352 tunc
825 1292 900 1353 non
923 1296 999 1353 erat
1025 1276 1339 1367 Bibliothecariua‚
1366 1276 1423 1353 sed
1435 1278 1502 1353 Ze·

285 1379 440 1455 nodotus
469 1372 656 1480 Ephesios,
699 1396 767 1449 nec
796 1373 881 1482 illul
916 1398 1041 1450 munus
1072 1373 1193 1451 illustri
1227 1374 1397 1543 fersonae
1428 1376 1500 1468 ejus

287 1472 544 1559 conveniebat,
570 1468 636 1543 ntfi
662 1492 794 1549 nomen
818 1474 931 1547 latius·
952 1494 1023 1566 pro¹
1042 1470 1205 1569 supremo
1247 1469 1434 1565 ospellore
1450 1470 1498 1545 sue

286 1591 418 1647 matur:
450 1565 602 1662 denique
631 1567 705 1662 jam
737 1584 822 1656 ante
848 1565 1030 1645 exciderat
1044 1602 1049 1619 ι
1062 1567 1161 1643 omni
1188 1565 1302 1665 gratia
1335 1565 1502 1641 Philadel-

337 1666 369 1756 i,
403 1684 471 1735 nec
498 1659 537 1735 in
561 1662 639 1737 aula
663 1662 737 1758 'eJus
766 1663 914 1758 annplius
936 1661 1157 1752 versabatur,
1188 1661 1320 1759 quippe
1354 1661 1390 1736 ei
1416 1659 1503 1735 invi·

302 1786 340 1835 us
365 1754 497 1846 faetus,
538 1779 585 1832 ex
617 1782 687 1855 quo
711 1757 913 1867 Ptolemaeo
944 1756 1035 1856 Lagi
1067 1757 1266 1835 dissuaserat
1294 1755 1502 1865 adsociatio—

282 1879 366 1931 nem
383 1872 422 1926 et
446 1852 695 1929 successionem
719 1852 958 1952 Philadelphi3
991 1853 1152 1953 utsupra
1176 1874 1328 1929 narravi.
1377 1874 1414 1943 5.
1438 1853 1504 1926 Ex*

284 1949 453 2028 stantiora
479 1948 593 2023 adhuc
621 1949 660 2024 in
683 1952 792 2041 modo,
848 1975 896 2023 uo
922 1949 1101 2023 transsatio
1133 1948 1263 2024 dicitur
1288 1945 1403 2037 satta,
1435 1946 1504 2021 sese

283 2047 420 2123 fabulae
454 2044 610 2120 offerunt
642 2045 784 2123 indicia
877 2065 1049 2143 terpretes
1082 2068 1127 2139 72
1169 2043 1324 2121 totidem
1354 2042 1499 2132 cellulis,

285 2146 344 2219 vel
366 2143 469 2217 binos
495 2140 658 2236 singulis,
684 2142 785 2217 fuisse
801 2140 970 2232 inclusos,
995 2161 1033 2217 et
1050 2138 1200 2239 singulos
1223 2139 1341 2237 spatio
1364 2160 1413 2233 70
1429 2138 1500 2213 die·

282 2263 363 2314 rum
389 2260 511 2311 omnes
527 2236 635 2311 libros
669 2239 717 2312 V·.
745 2239 790 2313 T.
816 2238 982 2327 vertisse,
1008 2256 1104 2311 tanta
1120 2235 1278 2313 omnium
1302 2233 1502 2315 versionum

282 2330 555 2421 convenientia,
582 2352 622 2407 ut
644 2334 736 2407 nulla
758 2355 803 2406 ne
827 2333 967 2430 quidem
997 2331 1035 2407 in
1049 2333 1176 2431 syllaba
1202 2329 1502 2429 discrepaverint,

282 2455 329 2507 ne
360 2429 424 2504 alia
458 2425 679 2516 miraculosa,
719 2450 807 2523 quae
838 2429 1117 2526 praecesserunt,
1158 2427 1380 2503 aut'secuta.
1402 2425 1504 2518 sunt,

281 2546 488 2700 lillis·
497 2522 1049 2695 nileclli‘lnfllssllslt
1076 2523 1245 2695 132an
1245 2522 1502 2717 “illisis

638 2701 648 2712 t
798 2674 809 2709 9
1374 2684 1380 2697 ·

280 2717 524 2796 doAristaeas
550 2720 643 2814 tanti
665 2713 824 2795 miraculi
848 2739 922 2791 non
945 2713 1140 2811 meminit}
1156 2713 1313 2813 Justinus
1338 2716 1499 2815 Mmyr,

280 2816 340 2889 vel
373 2833 475 2886 autor
506 2805 608 2898 libri,
648 2811 723 2883 e’ut
753 2811 892 2886 nomini
927 2809 1011 2887 falso
1039 2810 1224 2909 inscripti,
1268 2812 1426 2888 almona
1457 2809 1500 2887 ad

281 2912 447 2992 Graecos,
472 2904 606 3000 primus
631 2835 701 2994 eli,
748 2903 786 2977 ¹ui
811 2928 889 2983 eam
908 2905 1058 2983 fabulam
1081 2908 1256 3016 narravit,
1282 2906 1497 3004 Hieronym.

279 3007 320 3081 in
343 3001 550 3098 prologsad
577 3001 706 3076 Genes.
726 3025 798 3097 Jatn
825 3001 990 3100 explosit·
1033 3006 1150 3102 Origo
1174 3003 1311 3077 fabulae
1337 3001 1433 3078 haud
1450 3000 1501 3078 in·

280 3117 366 3196 epte
382 3097 561 3171 derivatur
577 3121 597 3170 a
614 3096 695 3169 falsa
713 3097 905 3187 relatione,
923 3099 968 3174 de
986 3099 1135 3175 totidem
1155 3099 1372 3188 cellulis,.eo
1387 3098 1502 3176 adhue

279 3215 462 3291 tempore,
489 3217 558 3290 quo
583 3191 859 3290 Pseudo-'Justin
884 3193 1000 3284 vixit,
1027 3194 1066 3269 in
1092 3195 1200 3271 insula
1224 3194 1342 3268 Pharo
1364 3193 1499 3269 exslan·

276 3293 385 3387 tibus.
433 3291 598 3386 Denique
627 3295 667 3365 6.,
685 3298 753 3385 pio
771 3309 870 3365 certo
887 3313 1026 3389 quoque
1044 3291 1190 3365 admitti
1207 3290 1355 3388 nequit,
1371 3311 1498 3367 omnes

279 3392 390 3468 libros
417 3389 467 3463 V.
494 3387 545 3486 Tz
568 3407 654 3461 tunc
672 3383 710 3461 in
735 3383 889 3481 linguam
909 3387 1079 3464 Graecam
1105 3386 1206 3463 soille
1231 3386 1370 3477 versos,
1399 3384 1494 3483 quod

279 3486 428 3566 traditio
455 3486 581 3573 habet,
608 3483 675 3577 hac
697 3505 840 3578 quoque.
857 3502 967 3581 parte
980 3482 1104 3567 fallant
1114 3508 1210 3559 „cum
1236 3483 1348 3561 solum
1371 3483 1496 3557 Penta·

280 3582 449 3655 teuchum
467 3580 567 3653 suillo
587 3576 784 3652 transsatum
800 3600 844 3651 ex
860 3578 1039 3670 Aristaea,
1066 3580 1244 3677 Joseph0,
1268 3577 1439 3670 Philone,
1457 3596 1495 3652 et

278 3675 452 3753 Rabbinis
478 3675 641 3749 constet:
685 3676 781 3771 cujus
807 3675 901 3751 ratio
926 3675 964 3749 i'n
1018 3696 1135 3750 romtu
1159 3675 1246 3766 est‚'
1269 3674 1365 3771 quod
1391 3673 1496 3771 Legis

278 3769 472 3873 praelectio
511 3788 645 3844 tantum
680 3769 857 3867 viguerit,
898 3699 1152 3868 Propietarum
1185 3768 1305 3869 postca
1335 3770 1495 3861 demum,

280 3864 419 3966 quando
440 3883 476 3934 et
502 3890 623 3939 eorum
642 3868 757 3941 versio
783 3867 922 3957 Graeca
941 3866 1104 3945 confecta
1130 3867 1200 3944 est:
1227 3886 1266 3943 ut
1291 3868 1412 3944 multis
1435 3867 1492 3940 de·

281 3957 488 4043 monstravit
530 3985 666 4057 quoque
697 3962 835 4058 Hody:
878 3989 981 4064 quem
1015 3965 1122 4040 etiam
1152 3987 1226 4039 non
1256 3962 1383 4059 fugit,
1423 3986 1492 4035 non

283 4085 413 4147 unum,
450 4052 507 4128 sed
533 4058 668 4164 pluteo,
711 4059 867 4153 partibus
891 4061 1030 4151 divisis,
1071 4059 1267 4136 versionem
1295 4054 1491 4147 adornasse,

279 4158 369 4233 teste
394 4152 623 4244 discrepantia
640 4152 741 4248 styli,
766 4175 804 4229 et
821 4157 1009 4231 earundem
1034 4157 1135 4255 saepe
1153 4179 1282 4232 vocum
1308 4153 1489 4229 versionis}

323 4253 354 4350 §.
381 4247 688 4324 CCCCXXXVII.
716 4251 773 4323 Ad
800 4253 929 4341 laetos,
955 4271 993 4325 et
1009 4253 1150 4348 Judaeis
1173 4250 1412 4340 honorificos,
1438 4275 1492 4324 ca·

275 4352 330 4427 sus
357 4346 427 4417 seso
453 4369 589 4441 qnoque
616 4345 740 4416 referri
766 4364 965 4441 pateretur,
1007 4348 1033 4422 fi
1059 4373 1143 4423 vera
1167 4349 1228 4439 stt,
1269 4345 1402 4446 legatio
1426 4349 1492 4421 La·

145 4494 153 4508 ,
275 4442 582 4522 cedaemoniorum
609 4440 650 4515 ad
673 4439 843 4538 Judaeos,
875 4442 1053 4517 amicitiae
1078 4444 1252 4519 incundae
1278 4441 1396 4529 causa,
1432 4443 1490 4517 sub

267 4539 383 4631 Ario,
416 4560 539 4617 eorum
564 4561 670 4640 rege,
703 4555 740 4612 et
766 4535 879 4633 Onia,
909 4540 1084 4639 Pontifice
1107 4541 1340 4639 Judteorum,
1371 4538 1493 4617 addita

274 4708 278 4713 .
450 4706 454 4715 .
802 4706 806 4717 .
1278 4649 1303 4710 .'
1350 4638 1499 4721 tatione
