3575 5884
275 1143 357 1233 W
550 1214 555 1220 .
620 1132 767 1237 historio
791 1132 1024 1239 Ecclesiastico
1047 1139 1090 1217 V.
1119 1138 1161 1216 Τ.

279 1312 360 1425 vit,
386 1334 426 1392 ut
440 1315 616 1417 publicani
643 1317 795 1417 supremi
823 1345 950 1397 munus
975 1346 1040 1421 per
1065 1318 1324 1422 Coelesyriam‚
1350 1320 1493 1398 Phoeni·

279 1435 393 1504 curn,
418 1415 605 1524 Judaeum,
634 1439 675 1489 ac
700 1416 911 1508 Samariam,
938 1419 1057 1494 nulius
1080 1418 1209 1512 fuerit,
1233 1419 1418 1517 veliignlia
1438 1443 1491 1493 ea·

280 1533 360 1587 trun
384 1533 569 1606 regionum
625 1535 664 1586 er
689 1534 736 1588 20
762 1515 917 1591 tenuerit
948 1539 1078 1605 annos,
1118 1514 1302 1615 ingentem
1329 1539 1373 1589 ue
1395 1538 1495 1614 pecu·

278 1607 361 1685 niae
387 1604 569 1696 summam,
595 1535 673 1682 irae
698 1610 858 1704 ratione,
895 1611 1130 1710 acquisiverit.
1179 1612 1292 1688 Addit
1341 1610 1389 1686 os.
1414 1613 1495 1687 Ant.

277 1705 302 1816 ¹:
330 1700 411 1811 Xll.
445 1705 615 1802 populum
640 1703 833 1800 Judaeum,
876 1709 921 1782 ab
946 1732 991 1782 eo
1028 1730 1189 1816 tempore
1214 1730 1279 1807 per
1331 1707 1497 1805 osephum

277 1820 384 1894 aucep
429 1824 448 1872 e
472 1824 518 1875 ex
547 1821 774 1896 paupertate,
799 1827 841 1878 ac
863 1827 981 1889 rerum
1012 1823 1205 1892 tenurtate,
1230 1826 1439 1902 emergere,
1455 1825 1498 1877 ac

277 1899 314 1970 in
322 1891 573 1990 splendidiorem
592 1900 682 1970 oltoe
688 1895 817 1994 florum
824 1899 931 1999 frisle
953 1903 1130 1996 perditior.
1179 1903 1371 1989 Ceterum,
1401 1899 1499 2008 hujus

279 1990 427 2092 Josephi
463 1993 555 2067 filius
581 1994 790 2089 Hyrcanos,
834 1997 954 2094 postea
979 2022 999 2068 a
1024 1994 1163 2091 Judaeis
1197 2017 1243 2070 ex
1274 1994 1360 2068 odio
1384 2013 1424 2069 et
1445 2013 1497 2067 ru·

277 2084 377 2163 vidia
399 2090 579 2189 expulsus,
604 2090 731 2164 statum
758 2091 854 2166 suum
880 2096 968 2168 ultro
985 2092 1174 2189 Jordanem
1200 2091 1318 2167 adhuc
1341 2089 1424 2181 diu,
1445 2089 1497 2167 us·

277 2211 349 2288 que
373 2186 417 2260 ad
443 2185 661 2264 Antiochum
685 2186 756 2282 Epi
784 2188 842 2277 b.,
886 2189 995 2263 tuitus
1019 2185 1089 2275 est,
1123 2210 1228 2286 quem
1254 2210 1338 2260 cum
1364 2207 1499 2260 metue·

279 2304 360 2373 ret,
400 2282 464 2360 fibi
489 2306 641 2356 mortem
676 2213 874 2375 conlinit,
917 2304 954 2359 et
981 2283 1180 2359 Antiochus
1209 2284 1287 2380 ejus
1319 2305 1407 2379 opes
1435 2281 1498 2359 fibi

279 2377 418 2480 rapuit:
445 2396 490 2452 ut·
508 2378 649 2474 Joseph.
676 2377 792 2452 tradit.
937 2416 940 2421 ·

328 2476 360 2578 h.
386 2474 679 2550 ccccxxviii.
719 2473 845 2569 Longe
878 2471 1003 2552 melior
1037 2473 1095 2546 vir
1131 2472 1201 2549 fuit
1225 2473 1322 2550 filius
1356 2473 1432 2573 eius
1461 2492 1497 2549 et

278 2570 451 2651 succeffor
472 2569 582 2645 Simon
606 2570 680 2660 Il.‚
715 2568 774 2665 qui
799 2568 1028 2644 Pontificatos
1053 2589 1091 2643 et
1115 2569 1299 2666 religionis
1326 2570 1496 2647 honorem

279 2695 370 2747 mox
402 2671 439 2744 in
470 2665 649 2765 principio
672 2666 845 2776 praeclare
876 2665 985 2740 tuitus
1020 2664 1071 2739 est
1102 2683 1228 2740 contra
1258 2668 1495 2767 Ptolemaeum

277 2769 527 2862 Philopatora,
568 2760 1077 2931 quit·16iore[praeliocum
1105 2761 1291 2835 Antiocho
1315 2762 1376 2839 M.
1405 2760 1492 2837 rodi·

275 2885 340 2942 ens
365 2884 429 2956 per
445 2859 629 2954 Judaeum,
655 2877 692 2933 et
712 2856 826 2931 Hiero
843 2858 875 2929 ol
937 2882 993 2932 am
1010 2857 1180 2948 nihtans,
1203 2859 1327 2933 Deurn
1345 2857 1491 2947 Israelis,

304 2957 394 3031 rimo
418 2952 597 3028 sacrificiis
630 2971 667 3024 et
693 2951 870 3040 donariis,
904 2956 1090 3045 onoravit,
1130 2953 1189 3027 sed
1215 2977 1301 3031 mox
1333 2953 1491 3031 audacior

171 3120 191 3137 .,
273 2984 406 3139 Elius,
432 3048 659 3124 smuuarium
689 3048 818 3122 intrare
841 3068 986 3123 conatus
1011 3050 1084 3140 est,
1108 3049 1307 3141 Pontifice,
1322 3074 1420 3126 'cum
1439 3073 1490 3125 re

274 3148 377 3250 liquis
403 3144 559 3242 personis
585 3142 708 3234 sacris,
739 3143 904 3241 precibus
932 3164 968 3218 et
986 3145 1110 3236 minis,
1138 3145 1264 3220 frustra
1292 3146 1490 3236 renitente,

273 3247 336 3327 sed
364 3242 505 3318 occulto
531 3241 702 3330 verbere,
729 3258 766 3312 et
791 3258 926 3312 terrore
949 3240 1103 3336 injedto,
1127 3243 1283 3338 repulsus
1309 3242 1378 3318 est.¹
1417 3244 1490 3319 Un÷

274 3345 478 3425 detentam
513 3334 680 3432 concepit
713 3334 751 3409 in
780 3353 898 3408 totum
946 3338 1087 3432 opulum
1115 3339 1287 3434 Judaeum
1311 3338 1415 3427 iram,
1447 3353 1489 3412 ut

275 3466 358 3520 eum
380 3458 443 3533 per
470 3450 586 3505 totum
612 3434 759 3528 reguum
788 3360 998 3508 destrutium
1023 3434 1198 3511 voluerit:
1234 3434 1380 3511 initium
1401 3431 1487 3508 fecit

273 3562 358 3618 cum
384 3527 524 3629 Judaeis
549 3528 587 3603 in
613 3529 813 3626 hEgyptO,
846 3551 933 3624 quos
962 3529 1114 3624 primurn
1136 3532 1179 3604 ad
1204 3531 1369 3608 servilem
1390 3531 1486 3606 redo.

274 3635 330 3741 git
353 3629 477 3705 statum
491 3683 501 3718 ,
542 3624 627 3699 dein
650 3625 692 3698 ad
719 3622 973 3698 idololatricum
1003 3627 1134 3699 cultum
1163 3625 1363 3702 abstrahere
1389 3650 1487 3703 cous·

274 3752 331 3809 tus
354 3722 425 3811 est;
451 3720 545 3820 quod
570 3745 650 3794 eum
674 3744 746 3796 non
771 3720 996 3810 succederet,
1022 3719 1060 3792 in
1085 3722 1367 3820 hippodromum
1384 3725 1485 3799 Alex·

274 3823 434 3907 andriae,
459 3818 686 3916 undequaque
711 3836 964 3913 congregatos,
990 3816 1146 3907 inclusit,
1181 3838 1221 3893 ut
1245 3823 1287 3893 ab
1313 3820 1486 3920 Elephan·

274 3927 368 4009 tibus
394 3933 675 4014 protererentur:
700 3915 759 3988 sed
775 3913 982 3988 mirabiliter
998 3937 1080 3988 eum
1096 3915 1235 3991 liberati
1259 3916 1399 4008 effent,
1423 3918 1486 3991 ele-

303 4015 462 4098 hantibus
486 4010 641 4084 furorem
668 4010 707 4083 in
731 4031 881 4086 armatos
905 4010 1034 4085 milites
1057 4008 1338 4104 effundentibus,
1364 4037 1430 4089 ren
1452 4011 1486 4085 iu

275 4122 378 4198 alium
408 4124 557 4184 mutatus
583 4106 722 4196 Judaeis
747 4108 898 4182 mirifice
924 4109 1046 4203 coepit
1081 4107 1212 4182 favere.
1261 4109 1364 4212 Quae
1387 4108 1484 4184 mira·

275 4215 354 4298 bilis
386 4202 530 4283 historia
564 4200 622 4274 lib.
650 4205 713 4293 ΙΙΙ.
747 4203 794 4275 fic
829 4205 925 4276 dieto
954 4207 1249 4280 Maccabaeirrum
1275 4198 1483 4295 nummi

275 4335 346 4396 non
372 4325 446 4379 tota
469 4295 619 4376 conflua
645 4298 706 4385 stt,
742 4300 843 4372 valde
869 4298 920 4371 est
943 4320 1084 4392 ornata,
1125 4322 1163 4376 et
1189 4299 1314 4377 fabulis
1336 4300 1481 4377 vestita:

275 4421 316 4492 ut
339 4401 437 4480 facile
468 4398 628 4493 adparet:
669 4393 826 4480 accedit,
868 4395 1061 4492 Josephum
1094 4398 1168 4494 ejus
1191 4423 1264 4474 non
1290 4395 1483 4474 'meminille

274 4515 313 4593 in
344 4503 418 4580 libr.
449 4494 592 4590 Antip,
633 4511 701 4560 nec
733 4488 880 4586 reperiri
914 4491 951 4564 in
987 4493 1046 4568 lib.
1082 4513 1204 4570 contra
1236 4496 1308 4572 A.
1343 4494 1412 4570 nisr
1446 4491 1480 4564 in

274 4591 577 4695 hmaverhone
603 4584 750 4667 Ruffiui.
800 4587 908 4665 Forte
934 4587 1020 4665 illud
1043 4589 1121 4665 veri
1148 4589 1289 4690 subest,
1312 4587 1480 4763 quod‘gu

1449 4702 1482 4756 et
