3575 5884
386 1114 465 1204 40⁶
735 1100 880 1201 Astora
904 1100 1205 1220 Ecclefiastica'.V.
1231 1101 1300 1190 T„

388 1289 462 1381 cis,
495 1304 534 1364 et
562 1283 718 1385 Appian.
744 1284 782 1360 in
810 1287 914 1385 Syn,
953 1308 1000 1361 ex
1027 1285 1284 1363 recentioribus
1308 1283 1460 1383 Rupert.
1486 1283 1530 1360 ad
1550 1289 1619 1362 Be·

388 1385 473 1461 sold.
499 1405 538 1460 et
562 1384 623 1458 ΕΖ.
649 1382 838 1479 Spanhem.
865 1384 978 1456 Num.
1008 1383 1096 1459 Diff.
1125 1385 1188 1459 IX.
1237 1390 1270 1458 6.
1297 1383 1436 1457 Sextum
1461 1379 1515 1456 est
1529 1384 1617 1457 Bac·

391 1481 565 1571 trianum,
591 1504 611 1552 a
637 1480 804 1568 Graecis,
831 1479 891 1574 qui
916 1479 1113 1576 superiores
1138 1479 1299 1577 satrapias
1323 1479 1515 1569 tenebant,
1540 1501 1614 1556 eta

388 1575 666 1664 Macedonibus,
694 1594 835 1648 mortuo
853 1576 958 1648 Alex.
985 1577 1064 1665 M.,
1088 1574 1313 1666 defecerant,
1338 1572 1482 1671 quidem
1506 1599 1609 1649 occu·

385 1693 530 1771 patum,
556 1691 593 1743 et
612 1669 819 1766 polleffum,
844 1671 903 1744 sed
922 1670 1006 1745 dein
1029 1697 1048 1746 a
1066 1672 1261 1749 Theodoto
1285 1672 1463 1746 firmatum
1479 1694 1523 1744 ac
1537 1695 1607 1745 am·

387 1768 587 1865 plilicatum
614 1768 673 1841 sub
698 1767 883 1840 Antiocho
910 1767 1027 1843 Theo,
1062 1768 1149 1845 Vid.
1174 1769 1286 1844 Strab.
1319 1769 1341 1843 l.
1367 1767 1420 1839 Xl
1452 1785 1492 1841 et
1525 1768 1608 1844 XV.

382 1886 427 1939 ac
450 1862 536 2033 Jupl.
558 1865 584 2034 ¹ll.
612 1864 706 1939 XLI.
734 1864 793 1964 qui
810 1861 895 1938 illud
918 1861 1192 1963 opulentifflmuni
1214 1866 1302 1942 mille
1327 1868 1459 1939 urbium
1483 1866 1603 1961 inperi-

382 1984 486 2036 tama
536 1978 626 2040 eat.
1317 2021 1320 2026 .

430 2057 463 2159 A.
490 1985 639 2132 CPCCCI.
681 2056 822 2129 Praeter
844 2055 933 2131 haec
959 2078 1086 2154 regna,
1127 2081 1215 2153 quae
1241 2056 1312 2131 sese
1336 2054 1376 2132 in
1396 2050 1602 2154 ampliflimo

383 2176 499 2251 regno
524 2151 786 2241 Alexandrina,
810 2152 890 2249 post
917 2153 990 2249 ejus
1007 2172 1178 2242 mortem,
1204 2153 1444 2245 ostentarunt,
1467 2152 1535 2226 alia
1550 2151 1599 2226 ci·

381 2247 474 2341 tius,
499 2250 565 2325 alia
587 2247 737 2336 tardius,
763 2248 905 2321 fuerunt
929 2250 999 2321 duo
1026 2249 1112 2338 alia,
1145 2249 1383 2346 potentiffima
1401 2267 1440 2323 et
1465 2246 1599 2322 diutur-

381 2368 446 2437 na,
471 2346 619 2420 alterum
642 2345 813 2432 indicam,
839 2367 859 2415 a
881 2343 1140 2434 Sandrocott0,
1174 2364 1335 2442 tempore
1363 2340 1501 2419 Seleuci
1524 2343 1597 2416 Ni·

380 2441 530 2531 catoris,
555 2439 760 2529 conditutn,
787 2439 845 2513 cui
869 2462 991 2513 omnes
1015 2458 1109 2513 trans
1131 2439 1258 2516 ludum
1274 2440 1441 2538 regiones
1457 2436 1597 2513 fuerunt

380 2535 577 2628 sub'ectae,
602 2533 690 2610 Vid.
716 2535 749 2608 A
777 2533 870 2632 pian.
896 2534 935 2609 in
958 2537 1056 2633 Syn,
1082 2536 1194 2611 Strab.
1221 2540 1243 2614 l.
1267 2539 1343 2612 XV
1366 2554 1404 2610 et
1428 2533 1553 2634 Justin.
1574 2535 1596 2609 l.

378 2635 414 2710 X
465 2658 474 2708 :
499 2635 646 2709 alterurn
664 2560 874 2721 PartAcum,
892 2629 996 2740 ⁴cujus
1011 2630 1237 2740 fundamenta
1254 2633 1395 2730 quidem
1408 2631 1506 2728 Jatta
1518 2631 1595 2705 sunt

376 2734 421 2806 ab
448 2731 600 2820 Arsace,
627 2748 697 2803 tem
726 2753 787 2802 ore
813 2729 988 2802 Antiochi
1014 2728 1132 2815 Ther,
1157 2727 1217 2807 sed
1241 2729 1335 2826 quod
1360 2729 1422 2803 sub
1447 2729 1592 2802 Seleuco

362 2827 550 2899 Callinico
573 2753 784 2897 exstrudurn
810 2848 852 2897 ac
878 2824 1051 2898 firmatum
1078 2822 1139 2898 est.
1187 2827 1246 2900 De
1276 2848 1348 2922 quo
1381 2825 1451 2920 leg.
1476 2820 1589 2899 Valel'.

375 2919 420 2997 ad
435 2918 612 2993 Ammian.
645 2918 807 2994 Marcell.
833 2920 854 2994 l.
880 2920 1005 2993 XXlll
1029 2921 1180 3016 Rupert.
1205 2920 1247 2995 ad
1270 2919 1427 3010 Resold„
1453 2937 1588 3014 ecquos

373 3016 502 3091 citavit
527 3013 706 3124 Fabricius
732 3015 776 3088 ad
799 3015 909 3094 Dion.
936 3017 1021 3096 Call.
1049 3015 1108 3093 lib.
1133 3016 1209 3092 XL.
1259 3017 1421 3116 Quorum
1446 3013 1587 3123 duorum

373 3110 1213 3316 {Aba},AhA⁰A.3.l.hl‡ll{.¹llll
1227 3111 1585 3314 lhaixalltsslss
1632 3256 1634 3295 .

372 3307 488 3382 minos
513 3306 642 3402 inperu
670 3302 925 3390 Alexandrini,
950 3323 1078 3398 parum
1103 3327 1175 3378 non
1200 3324 1270 3385 tarn
1295 3323 1468 3400 occupata
1484 3304 1583 3378 fuerit
1631 3298 1634 3353 ¹

374 3404 488 3504 aliqua
512 3399 633 3479 Indiae
659 3425 755 3497 pars,
782 3418 820 3471 et
842 3421 955 3505 regno
976 3397 1157 3495 adjuncta,
1183 3425 1292 3498 quam
1319 3399 1510 3491 vidoriose
1526 3419 1581 3494 pe·

371 3525 409 3575 ra
436 3520 507 3575 rata
522 3502 564 3574 ab
583 3500 685 3573 Alex.
710 3499 789 3586 M.,
815 3518 873 3592 qu1
892 3495 1010 3571 Taxili
1034 3522 1173 3593 quoque
1203 3516 1240 3571 et
1258 3499 1350 3571 Poro
1375 3520 1487 3594 regna
1510 3490 1583 3570 reli·

372 3617 473 3768 Auru
515 3597 665 3671 Parthici
689 3596 830 3691 quoque
862 3614 955 3681 non,
998 3593 1188 3688 quoduon
1216 3613 1351 3669 tantuna
1383 3591 1491 3668 nimis
1514 3592 1584 3666 sero

389 3692 483 3766 uerit
511 3713 649 3782 ortum,
674 3691 731 3763 sed
760 3690 796 3762 in
821 3688 943 3786 primis
965 3689 1068 3762 alium
1095 3708 1195 3785 gerat
1217 3688 1465 3788 conspedlum,
1514 3708 1585 3761 uam

370 3790 495 3884 stopus
536 3806 574 3860 et
610 3805 731 3862 natura
765 3786 920 3859 visorum
952 3787 1043 3860 Dan.
1085 3785 1246 3895 postulat.
1295 3791 1352 3861 De
1393 3811 1466 3883 quo
1491 3712 1582 3858 (Alid.

369 3884 458 3963 Dill.
485 3883 534 3957 V.
568 3883 610 3954 ad
636 3885 727 3954 Dan.
753 3880 783 3978 A.
810 3882 918 3968 Xll.,
963 3883 1022 3956 ubi
1048 3900 1153 3957 etiam
1189 3909 1233 3958 ro
1257 3885 1398 3977 Reges,
1440 3890 1506 3978 per
1541 3900 1584 3954 10

368 4004 500 4060 cornua
519 3994 654 4075 quartae
671 3974 801 4051 bestiae
822 3977 1004 4074 expictas,
1034 3979 1179 4054 exhibui
1202 3979 1233 4078 A.
1263 3980 1384 4053 XVll.
1433 3974 1521 4058 Anti
1547 3997 1584 4046 o·

366 4106 452 4156 num
470 4097 506 4153 et
515 4072 737 4150 Demetrium
755 4074 792 4147 in
809 4073 909 4163 Asia,
936 4077 1177 4172 Lysimachum
1194 4077 1230 4149 in
1251 4073 1424 4164 Thracia,
1451 4077 1501 4152 Ca
1570 4108 1585 4124 ·

368 4177 472 4250 drum
496 4173 533 4247 in
563 4170 797 4258 Macedonia,
838 4169 1074 4244 Ptolemaeum
1103 4171 1193 4271 Lagi
1216 4171 1252 4244 in
1276 4173 1481 4269 AEgypto,
1506 4164 1585 4242 Phi·

366 4274 534 4351 laeterum
557 4267 594 4342 in
611 4263 691 4337 Aha
716 4266 949 4359 Pergamena,
976 4268 1147 4359 Sipoeten
1173 4270 1209 4342 in
1226 4269 1410 4366 Bithynia,
1435 4262 1586 4340 Mithri·

353 4371 480 4445 darem
512 4368 548 4439 in
574 4369 709 4450 Ponto,
754 4360 976 4464 Ariarathem
1012 4361 1049 4434 in
1078 4365 1317 4463 Cappadocia,
1358 4383 1399 4438 et
1432 4363 1585 4460 Atropa-

365 4485 438 4539 tem
472 4460 510 4533 in
534 4459 661 4535 Media
691 4459 895 4552 Atropatra:
939 4481 1088 4552 quorum
1123 4481 1190 4534 tres
1217 4485 1326 4556 regna
1359 4461 1401 4535 ad
1425 4458 1589 4539 Posteros

361 4581 438 4639 aon
464 4577 728 4666 propagarunt,
754 4553 887 4654 quippe
913 4577 978 4654 per
1004 4557 1189 4636 Seleucum
1204 4556 1381 4637 Nicatora
1402 4553 1589 4730 debelhati,
