3575 5884
655 1190 810 1281 serious
833 1190 976 1303 Quinta·
1054 1258 1060 1269 .
1369 1192 1440 1302 ιη’

245 1366 307 1467 el,
328 1376 472 1468 Gehazi,
497 1375 637 1453 servum
652 1378 785 1469 Elisae',
808 1376 911 1454 liiiffe
933 1378 1049 1474 lepra,
1071 1374 1114 1451 sd
1137 1350 1286 1452 verbum
1300 1371 1434 1477 Elisae,

239 1464 414 1573 insignum
436 1474 675 1573 propheticae¹
692 1474 898 1571 dignitatis,
922 1498 964 1548 ac
986 1471 1189 1570 potestatis,
1212 1476 1432 1575 perculliun,

233 1586 270 1643 et
295 1572 464 1645 consortio
477 1573 569 1682 ‘ejus
599 1571 798 1682 expulsum,
837 1570 932 1667 quod
963 1586 1087 1677 contra
1115 1571 1190 1667 ejus
1211 1573 1432 1653 volimtateni

221 1667 688 1872 absumo
706 1667 1431 1871 llellffisffielimbl‘ldnli‘ll?

220 1878 457 1959 terrogative,
478 1877 519 1933 ut
540 1857 649 1956 solet,
672 1857 901 1955 capiendum,
924 1857 984 1932 sed
1007 1863 1101 1954 quod
1124 1858 1323 1955 emphatice
1347 1886 1433 1943 curu

215 1953 464 2053 indignatione
484 1972 610 2051 negat:
633 1958 779 2029 sinivit
803 1980 856 2030 cor
877 1958 1002 2041 meum,
1027 1975 1109 2027 cum
1133 1971 1172 2026 tu
1194 1956 1328 2051 abiisti,
1353 1957 1428 2052 est,

212 2053 316 2151 plaue
344 2070 471 2126 contra
499 2068 658 2124 mentem
683 2060 809 2124 meam
837 2049 875 2123 id
905 2047 1034 2124 fecisti.
1080 2048 1231 2124 Dixerat
1263 2053 1430 2147 Gehazi,

211 2174 276 2223 noa
298 2145 493 2317 bitesstmiii
507 2161 605 2237 tuus,
629 2145 691 2220 res
709 2143 943 2314 ondetErlliga,
967 2144 1299 2315 dpupippiiglordpepd
1323 2151 1431 2225 unice

212 2266 338 2319 verum
467 2264 567 2319 iron-
592 2265 637 2317 ua
679 2263 827 2315 ervusa
937 2263 974 2313 m
1306 2264 1432 2321 contra

211 2298 441 2415 voluntatem,
456 2264 594 2426 mesni}
622 2362 684 2412 aon
706 2340 767 2412 i'ss't
789 2360 843 2412 cor
865 2359 970 2411 meum
991 2354 1107 2412 recum.
1182 2295 1194 2332 ’

217 2508 225 2516 .
258 2429 470 2543 §cxvii
500 2436 639 2509 Sextum
663 2431 887 2523 miraculum,
919 2456 990 2528 quo
1012 2430 1144 2507 ferrum
1158 2429 1308 2530 securis,
1340 2456 1432 2533 quae

211 2528 301 2625 quid
326 2528 452 2609 exuuii
471 2528 646 2618 habebat,
664 2558 667 2565 ⁴
685 2546 723 2603 et
745 2527 968 2602 commodata
998 2546 1093 2620 erat,
1130 2532 1287 2627 adeoque
1303 2532 1433 2628 ,probe

214 2624 385 2716 curanda,
417 2625 497 2701 casu
518 2624 557 2699 in
577 2646 681 2721 aquas
702 2622 921 2722 projedlum,
950 2624 1001 2697 ab'
1016 2649 1077 2697 uno
1096 2624 1251 2699 filiorum
1272 2626 1429 2724 prophe-

212 2738 348 2812 tarum,
373 2742 488 2819 eoque
502 2720 759 2819 praecellente,
781 2738 819 2794 et
834 2717 976 2815 reliquis
999 2718 1196 2813 praefecto,
1222 2719 1316 2819 (eam
1333 2721 1431 2799 enim

208 2816 395 2914 emphasin
418 2816 501 2907 hic,
532 2834 572 2891 ut
593 2812 697 2906 alibi,
727 2815 835 2889 habet
855 2837 929 2889 vox
954 2816 1073 2889 “ll'llli'l
1096 2838 1179 2889 unus
1201 2839 1276 2912 cap.
1301 2816 1369 2892 Vl:
1395 2842 1434 2915 3,

223 2911 282 3008 5.)
306 2912 344 2985 su
388 2931 547 3022 enatare
568 2909 677 3020 fecit,
709 2909 847 2984 inmisso
871 2933 969 3019 novo
991 2911 1108 3020 ligno,
1133 2914 1175 2985 ab
1199 2912 1290 2986 Elisa
1313 2911 1433 3023 sedl03

214 3005 1431 3210 &anile'iliasfftbl‘,2⁶320l2e‘ib'llli‘gilma3's‘llll

216 3199 508 3289 confirmaretur,
531 3198 627 3273 simul
642 3196 813 3271 sinistnim
829 3221 956 3288 omen,
979 3195 1072 3293 quod
1088 3198 1125 3273 ln
1142 3223 1237 3275 novo
1253 3200 1433 3276 auditorio

210 3294 403 3371 condendo
428 3296 624 3384 acciderat,
647 3313 884 3402 averteretur,
910 3316 955 3366 ne
972 3292 1102 3402 infirmi
1125 3295 1232 3370 animi
1249 3297 1332 3370 inde
1349 3298 1435 3396 quid

214 3394 300 3467 mali
324 3392 589 3489 suspicarentur.
633 3391 726 3464 *Non
750 3413 845 3463 enim
869 3389 913 3463 de
939 3389 1074 3465 sedibus
1089 3410 1127 3463 et
1143 3391 1349 3483 domiciliis,
1373 3394 1433 3468 sed

216 3492 376 3578 motoris,
408 3488 469 3565 seu
490 3484 687 3575 auditorio,
719 3483 761 3558 in
781 3508 852 3581 quo
875 3483 940 3559 filii
965 3486 1237 3581 prophetarum,
1270 3504 1432 3581 tanquam

219 3583 303 3661 disci
330 3583 399 3673 uli,
421 3584 585 3659 sedebant
609 3604 726 3655 coram
746 3579 940 3679 Magistro,
964 3579 1191 3676 cogitandum
1215 3578 1305 3671 elle,
1329 3581 1434 3678 phra-

218 3677 264 3752 lis
307 3681 398 3753 edere
431 3700 548 3752 coram
578 3676 668 3751 Elisa
698 3702 734 3752 v.
762 3701 793 3751 1.
824 3676 905 3750 satis
933 3676 1059 3748 docet:
1098 3698 1144 3749 ne
1174 3675 1306 3767 dicam,
1339 3683 1432 3778 quod

213 3772 344 3872 singuli
366 3798 469 3848 unam
491 3791 626 3848 tantum
651 3772 828 3847 voluerint
851 3778 998 3861 trabem,
1021 3794 1087 3868 pro
1102 3771 1208 3846 domo
1223 3773 1433 3872 singulorum

213 3892 295 3944 non
318 3866 482 3946 sufficere.
530 3870 704 3965 Septimum
721 3867 896 3964 Spiritus,
922 3886 959 3937 et
983 3866 1204 3964 prophetici,
1229 3890 1265 3942 et
1288 3871 1436 3945 virtutis

214 3965 387 4041 miracula
406 3964 583 4063 patrandi,
615 3964 793 4061 specimen
821 3986 851 4035 1.
875 3961 916 4068 iri
937 3961 1142 4060 detegendis
1160 3967 1297 4048 arcams
1320 3967 1433 4040 consi-

217 4061 277 4137 liis
302 4059 469 4137 insidiosis
491 4061 585 4158 regis
606 4060 726 4156 Syriae
749 4056 850 4131 situm
867 4055 945 4165 suit.
993 4060 1074 4132 Rex
1090 4060 1209 4157 Syriae
1233 4086 1313 4135 cum
1337 4088 1371 4136 v.
1399 4073 1433 4144 8.

218 4155 410 4253 coasultaffe
433 4157 565 4233 dicitur
589 4183 659 4231 cuin
674 4155 784 4253 serris
798 4151 873 4250 suis
897 4152 1071 4243 dicend03
1095 4161 1138 4229 ad
1160 4162 1251 4230 illum
1275 4162 1436 4237 velillum

223 4258 324 4327 locam
345 4256 529 4327 reclinabo:
568 4251 681 4325 sensus
703 4246 777 4339 est,
814 4273 893 4323 eum
919 4247 1007 4323 inita
1030 4252 1284 4325 consultatione
1307 4254 1433 4332 defini·
1486 4328 1491 4337 .

175 4388 184 4401 ·
221 4346 331 4438 ville,
354 4367 395 4421 ut
418 4347 540 4445 globus
563 4346 684 4441 aliquis
706 4346 865 4420 militaris
887 4345 938 4420 ibi
962 4346 1000 4420 in
1024 4347 1155 4421 insidiis
1176 4349 1366 4440 locaretur,
1390 4352 1437 4427 ad

219 4444 348 4532 obvios
364 4441 661 4540 intercipiendos,
678 4445 754 4531 vel,
778 4444 856 4517 data
871 4443 1074 4532 occasione,
1089 4440 1256 4515 israelitas
1275 4442 1437 4519 incautos

217 4539 476 4636 adgrediendos
519 4540 679 4614 Verbum
701 4541 781 4616 mn
806 4539 950 4638 proprie
974 4538 1026 4612 est
1046 4539 1198 4610 reclinari
1219 4540 1276 4613 vel
1300 4543 1439 4614 reclina·

224 4661 263 4714 rs
283 4634 374 4715 lead
393 4635 573 4738 quietem,
596 4635 688 4719 uude
703 4634 798 4725 iuter
809 4636 885 4810 1plia
899 4633 944 4712 ad
967 4632 1106 4715 usibus
1121 4631 1265 4714 innuo.
1311 4636 1439 4711 Moni-
