3575 5884
293 1026 308 1057 O

626 1216 634 1229 ·
726 1178 881 1258 Periodus
904 1176 1046 1289 Quinta.
1455 1192 1502 1275 15
1634 1156 1639 1166 ¹

289 1356 355 1465 pit,
377 1374 531 1457 excepta
552 1380 648 1435 voce
671 1360 796 1467 lupo,
819 1384 924 1459 quam
947 1384 1021 1437 non
1036 1363 1129 1436 bene
1152 1381 1199 1435 ex
1225 1356 1327 1435 osuit.
1374 1356 1500 1433 Sensur

288 1458 351 1551 est,
374 1457 623 1548 Salomonem,
648 1480 750 1532 cerro
766 1460 851 1533 dato
871 1457 1012 1556 pretio,
1039 1455 1180 1532 fibi'soli
1200 1482 1257 1554 Jus
1278 1452 1498 1552 acquisiviss'e

288 1579 387 1653 equor
409 1565 457 1625 ex
475 1550 542 1624 ΑΕ
581 1571 656 1655 pto
680 1551 876 1643 educendi,
901 1576 969 1628 nec
996 1577 1067 1626 non
1090 1551 1318 1650 privilegium
1338 1549 1499 1624 transitur
1637 1582 1639 1587 ·

326 1676 343 1724 r
366 1670 496 1725 terram
543 1647 771 1739 uamsolam,
811 1648 861 1724 ita
882 1668 923 1722 ut
945 1648 1070 1745 reliqui
1095 1648 1217 1746 populi
1243 1672 1264 1723 e
1290 1644 1498 1734 manustra,

287 1674 390 1822 diluto
411 1741 604 1839 vectigali,
629 1764 737 1842 equos
761 1744 838 1818 illos
858 1744 1022 1842 accipere
1039 1744 1245 1819 debuerint:
1274 1743 1368 1840 quod
1384 1738 1498 1816 velli·

243 1920 246 1925 ,
285 1845 420 1947 gelono
437 1838 605 1913 ficlorum
621 1858 697 1914 erat
711 1864 779 1939 pro
796 1840 981 1942 quadriga,
1007 1860 1044 1914 et
1065 1862 1136 1932 150
1151 1863 1217 1938 pro
1238 1864 1341 1938 equo.
1390 1832 1496 1912 Vers.

283 1947 384 2020 28rus
397 1952 521 2013 autem
544 1936 594 2009 ita
618 1934 808 2011 vertendus
825 1934 896 2027 est,
918 1941 1019 2011 eriam
1036 1942 1144 2009 exitus
1170 1961 1316 2035 equorum
1334 1934 1497 2008 Salomoni
1597 2018 1599 2022 Ι

281 2028 476 2207 Erexenim
490 2025 587 2107 'tt'lt
604 2037 676 2129 qui,
699 2052 781 2107 ante
945 2034 1107 2106 Salomoni
1123 2054 1204 2104 cum
1220 2029 1373 2140 emphafi
1386 2030 1495 2104 abun·

321 2149 356 2220 t,
396 2125 452 2201 uti
486 2128 615 2203 asam.
640 2129 669 2203 1:
694 2150 729 2221 4.
762 2122 1313 2222 Zaelr.V11:9,17etalib1)
1347 2142 1417 2199 erat
1451 2146 1495 2197 eo

281 2232 314 2305 A
424 2248 463 2319 0,
504 2240 537 2296 et
567 2226 657 2301 lours
684 2224 891 2321 defilationis.
941 2225 1148 2296 Mercatores
1179 2223 1358 2295 Salomonis
1390 2223 1494 2293 locum

280 2322 339 2418 defi
352 2322 474 2393 orionis
497 2336 691 2433 acceperant
709 2323 814 2414 pretio
837 2317 879 2392 h.·
899 2339 931 2391 e.
959 2316 1137 2391 Salomoni
1161 2335 1271 2395 ¹certo
1321 2311 1413 2389 retio
1437 2334 1495 2385 ac·

280 2416 443 2521 quilitum
468 2433 545 2491 erat
613 2438 630 2489 s
658 2412 831 2495 educendi
860 2434 970 2508 equos
1001 2435 1047 2484 ex
1072 2411 1252 2511 AEgypto
1292 2433 1351 2486 ure
1383 2404 1496 2484 velli·

279 2506 702 2682 nanee
717 2600 1360 2685 n.
1594 2556 1597 2563 ·

279 2728 354 2785 rum
368 2702 511 2781 suorum
525 2660 651 2790 mand,
677 2722 740 2774 eoo
759 2722 805 2773 ex
820 2699 1000 2799 AEgypto
1025 2625 1185 2774 lidiecom
1285 2658 1495 2797 'epomerit

278 2802 366 2877 Vox
383 2796 491 2902 ΠΨ)
511 2796 659 2873 denotat
693 2792 755 2868 hie
785 2798 887 2875 Ionon
922 2795 1116 2891 defilarionis
1147 2820 1192 2872 ve
1232 2791 1494 2882 delirationem,

278 2895 349 2973 live
368 2896 428 2991 jus
447 2911 488 2966 et
512 2890 737 2997 privilegium
762 2891 848 2987 ejus.
896 2889 1012 2964 Radix
1035 2890 1126 2994 mp,
1159 2917 1179 2966 a
1202 2895 1246 2997 lp
1277 2895 1381 2978 linea,
1410 2891 1493 2984 filo,

280 3014 362 3069 acce
388 2987 420 3061 it
451 3005 528 3060 tum
556 2985 753 3087 confluendi,
795 3005 870 3059 turn
902 2990 985 3061 tello
1015 2991 1116 3063 cursu
1146 2986 1263 3085 aliquo
1290 2989 1500 3063 contendendi

277 3084 531 3187 sigulficatum,
557 3101 595 3157 et
614 3083 705 3179 apud
728 3080 834 3156 Arab.
860 3079 899 3154 in
922 3082 1063 3179 agmine
1086 3083 1284 3172 viatorum,
1310 3085 1418 3178 longo
1435 3079 1497 3152 filo

278 3186 349 3261 iter
365 3177 596 3269 facientium,
614 3178 759 3275 teritur,
776 3176 961 3252 Schultens
976 3178 1019 3251 ad
1035 3181 1122 3255 Har.
1141 3180 1235 3255 cons.
1252 3181 1299 3254 11.
1335 3174 1495 3251 Sumitur

277 3302 367 3357 vero
389 3276 493 3378 mpn
516 3297 584 3373 pro
605 3274 828 3379 receptaculo
857 3297 1042 3370 aquarum,
1083 3275 1177 3351 tella
1199 3299 1245 3350 eo
1272 3273 1491 3350 contenden-

279 3370 372 3450 rium
394 3372 498 3447 linea.
545 3368 681 3445 Nostro
703 3388 821 3445 autem
841 3370 923 3441 loco
946 3367 1056 3468 signat
1081 3372 1152 3448 five
1177 3374 1295 3446 locum
1318 3368 1491 3443 defilatio·

280 3472 334 3555 nis
356 3487 395 3543 et
418 3465 681 3556 itinerantium,
706 3465 777 3540 five
800 3465 871 3541 iter
896 3466 908 3538 i
950 3491 1007 3539 um
1032 3487 1069 3541 et
1093 3468 1283 3542 transrturn.

288 3558 295 3583 ²
326 3566 361 3665 l.
381 3562 522 3636 XVIII.
561 3584 597 3651 4.
621 3561 786 3660 Denique
816 3557 885 3634 diti
961 3587 1021 3636 um
1061 3561 1198 3635 fontem
1234 3560 1299 3668 ipsr
1333 3555 1495 3652 praebuit

283 3658 410 3757 duplex
425 3655 505 3734 navi
551 3657 625 3748 tio,
650 3681 729 3732 cum
748 3656 870 3757 Tyriis
887 3657 1063 3745 instituta,
1081 3656 1341 3754 unoOphrrim,
1371 3654 1491 3751 1Reg.

280 3754 350 3831 lx:
377 3761 431 3829 26.
454 3774 492 3828 et
550 3777 559 3828 :
590 3777 631 3827 11
665 3759 771 3829 altera
806 3752 1093 3843 Tarschischtun,
1135 3751 1181 3828 ib.
1210 3776 1266 3827 22.
1315 3752 1373 3823 De
1406 3774 1492 3846 quu-

280 3874 364 3925 rum
385 3850 540 3924 locorum
558 3847 623 3922 litu
648 3849 752 3949 longa
774 3849 825 3924 est
845 3847 1056 3947 disputatio,
1081 3873 1183 3946 quam
1208 3871 1279 3923 non
1303 3847 1491 3943 ingrediar.

280 3946 406 4045 Ophir,
434 3970 476 4020 ex
501 3969 580 4019 mea
602 3945 794 4043 opinione,
826 3964 866 4019 ut
890 3969 967 4018 eam
991 3945 1102 4019 verbo
1126 3945 1323 4044 proferam,
1357 3967 1429 4015 non
1454 3940 1493 4014 in

282 4043 404 4137 Africa
419 4042 613 4138 AEthyop.
640 4041 771 4115 orienti
786 4040 848 4115 soli
865 4038 1031 4130 obversa,
1056 4041 1116 4115 ubi
1134 4041 1185 4115 est
1200 4040 1301 4136 regio
1319 4038 1491 4134 Sophala,

281 4139 398 4236 qmeri
419 4161 502 4213 cum
527 4137 665 4210 Huetio
688 4139 813 4225 debet,
839 4135 952 4209 sedin
970 4136 1089 4229 lndia,
1114 4160 1181 4212 nec
1205 4139 1294 4210 ultro
1310 4136 1493 4231 Gangem,

281 4236 443 4310 inaurea
470 4232 705 4324 Chersoneso,
738 4255 818 4305 cum
842 4232 887 4307 G.
913 4234 1065 4306 Varerio
1090 4233 1275 4322 Lusitano,
1317 4231 1448 4327 quippe
1472 4255 1493 4304 a

281 4330 444 4419 Charila,
468 4350 622 4438 quocum
644 4327 760 4425 Ophir
782 4328 1010 4427 conjungitur
1035 4332 1126 4405 Gen.
1152 4332 1197 4403 X:
1226 4351 1283 4417 29.
1308 4350 1354 4400 ex
1377 4326 1493 4424 poste·

279 4426 327 4515 ris
341 4427 526 4526 Joktanrs,
550 4424 763 4513 remotiore,
789 4412 848 4498 sed
873 4425 925 4500 cis
950 4425 1132 4522 Gangem,
1160 4424 1231 4497 srve
1255 4420 1296 4494 lit
1312 4423 1494 4525 Taprooa3

279 4544 343 4615 na,
365 4522 476 4598 hodie
500 4518 648 4612 Zeilon,
674 4538 714 4594 ut
739 4521 904 4597 Bochart.
931 4521 1115 4619 opinatur,
1141 4519 1214 4592 sure
1235 4518 1420 4593 continens
1447 4512 1498 4588 rllt

277 4620 436 4729 proxima
455 4617 497 4697 in
514 4617 665 4714 Supera,
690 4635 751 4697 aut
766 4620 801 4697 ei
817 4616 959 4793 vigim,
987 4639 1028 4699 ut
1050 4618 1093 4695 L.
1118 4613 1343 4709 Holsteuiuo,
1368 4630 1405 4688 et
1421 4631 1501 4790 filu:

649 4730 651 4735 ·
898 4736 925 4806 4
1463 4722 1501 4780 te
