<?xml version="1.0" encoding="UTF-8"?>
<!DOCTYPE html PUBLIC "-//W3C//DTD XHTML 1.0 Transitional//EN"
    "http://www.w3.org/TR/xhtml1/DTD/xhtml1-transitional.dtd">
<html xmlns="http://www.w3.org/1999/xhtml" xml:lang="en" lang="en">
 <head>
  <title>
</title>
<meta http-equiv="Content-Type" content="text/html;charset=utf-8" />
  <meta name='ocr-system' content='tesseract 3.04.00' />
  <meta name='ocr-capabilities' content='ocr_page ocr_carea ocr_par ocr_line ocrx_word'/>
</head>
<body>
  <div class='ocr_page' id='page_1' title='image "./hermannivenemai04venegoog/hermannivenemai04venegoog_0463.png"; bbox 0 0 3575 5884; ppageno 0'>
   <div class='ocr_carea' id='block_1_1' title="bbox 277 1130 1170 1237">
    <p class='ocr_par' dir='ltr' id='par_1_1' title="bbox 277 1130 1170 1237">
     <span class='ocr_line' id='line_1_1' title="bbox 277 1130 1170 1237; baseline -0.026 -2"><span class='ocrx_word' id='word_1_1' title='bbox 277 1140 366 1235; x_wconf 64' lang='lat'>⁴15⁶</span> <span class='ocrx_word' id='word_1_2' title='bbox 636 1132 780 1237; x_wconf 64' lang='lat' dir='ltr'>luston</span> <span class='ocrx_word' id='word_1_3' title='bbox 801 1130 1040 1236; x_wconf 63' lang='lat' dir='ltr'>Eccloiastlrae</span> <span class='ocrx_word' id='word_1_4' title='bbox 1057 1136 1102 1215; x_wconf 81' lang='lat' dir='ltr'>V.</span> <span class='ocrx_word' id='word_1_5' title='bbox 1127 1134 1170 1213; x_wconf 78' lang='lat' dir='ltr'>T.</span> 
     </span>
    </p>
   </div>
   <div class='ocr_carea' id='block_1_2' title="bbox 145 1315 1546 4761">
    <p class='ocr_par' dir='ltr' id='par_1_2' title="bbox 290 1315 1538 1702">
     <span class='ocr_line' id='line_1_2' title="bbox 290 1315 1538 1415; baseline -0.003 -22"><span class='ocrx_word' id='word_1_6' title='bbox 290 1318 384 1393; x_wconf 75' lang='lat' dir='ltr'>adeo</span> <span class='ocrx_word' id='word_1_7' title='bbox 409 1334 470 1407; x_wconf 87' lang='lat' dir='ltr'>ut,</span> <span class='ocrx_word' id='word_1_8' title='bbox 519 1340 583 1392; x_wconf 85' lang='lat' dir='ltr'>uos</span> <span class='ocrx_word' id='word_1_9' title='bbox 607 1339 673 1412; x_wconf 87' lang='lat' dir='ltr'>per</span> <span class='ocrx_word' id='word_1_10' title='bbox 699 1316 838 1392; x_wconf 90' lang='lat' dir='ltr'>Philoso</span> <span class='ocrx_word' id='word_1_11' title='bbox 866 1318 932 1394; x_wconf 81' lang='lat' dir='ltr'>laos</span> <span class='ocrx_word' id='word_1_12' title='bbox 948 1316 1205 1407; x_wconf 82' lang='lat' dir='ltr'>Graecanicos,</span> <span class='ocrx_word' id='word_1_13' title='bbox 1226 1318 1278 1391; x_wconf 86' lang='lat' dir='ltr'>&#39;eo</span> <span class='ocrx_word' id='word_1_14' title='bbox 1300 1315 1364 1393; x_wconf 82' lang='lat' dir='ltr'>fini</span> <span class='ocrx_word' id='word_1_15' title='bbox 1390 1316 1426 1391; x_wconf 90' lang='lat' dir='ltr'>in</span> <span class='ocrx_word' id='word_1_16' title='bbox 1443 1319 1505 1415; x_wconf 81' lang='lat' dir='ltr'>Ju⁴</span> <span class='ocrx_word' id='word_1_17' title='bbox 1536 1323 1538 1333; x_wconf 90' lang='lat'>&#39;</span> 
     </span>
     <span class='ocr_line' id='line_1_3' title="bbox 290 1340 1502 1521; baseline -0.002 -33"><span class='ocrx_word' id='word_1_18' title='bbox 290 1414 417 1488; x_wconf 86' lang='lat' dir='ltr'>daeam</span> <span class='ocrx_word' id='word_1_19' title='bbox 441 1340 578 1521; x_wconf 49' lang='lat' dir='ltr'>miffar,</span> <span class='ocrx_word' id='word_1_20' title='bbox 612 1432 672 1485; x_wconf 89' lang='lat' dir='ltr'>aut</span> <span class='ocrx_word' id='word_1_21' title='bbox 694 1415 809 1509; x_wconf 90' lang='lat' dir='ltr'>promi</span> <span class='ocrx_word' id='word_1_22' title='bbox 838 1440 877 1506; x_wconf 90' lang='lat' dir='ltr'>a,</span> <span class='ocrx_word' id='word_1_23' title='bbox 920 1416 1051 1513; x_wconf 87' lang='lat' dir='ltr'>aliaque</span> <span class='ocrx_word' id='word_1_24' title='bbox 1079 1414 1232 1503; x_wconf 88' lang='lat' dir='ltr'>motiva,</span> <span class='ocrx_word' id='word_1_25' title='bbox 1267 1415 1409 1501; x_wconf 85' lang='lat' dir='ltr'>allicere¹</span> <span class='ocrx_word' id='word_1_26' title='bbox 1431 1434 1502 1486; x_wconf 87' lang='lat' dir='ltr'>nou</span> 
     </span>
     <span class='ocr_line' id='line_1_4' title="bbox 321 1507 1505 1605; baseline -0.003 -21"><span class='ocrx_word' id='word_1_27' title='bbox 321 1510 620 1599; x_wconf 82' lang='lat' dir='ltr'>offct,m1msac</span> <span class='ocrx_word' id='word_1_28' title='bbox 645 1510 876 1600; x_wconf 86' lang='lat' dir='ltr'>cruciatibus,</span> <span class='ocrx_word' id='word_1_29' title='bbox 910 1512 952 1584; x_wconf 90' lang='lat' dir='ltr'>ad</span> <span class='ocrx_word' id='word_1_30' title='bbox 977 1528 1128 1584; x_wconf 89' lang='lat' dir='ltr'>mortem</span> <span class='ocrx_word' id='word_1_31' title='bbox 1153 1508 1281 1605; x_wconf 90' lang='lat' dir='ltr'>usque,</span> <span class='ocrx_word' id='word_1_32' title='bbox 1312 1507 1505 1582; x_wconf 80' lang='lat' dir='ltr'>abstrahere</span> 
     </span>
     <span class='ocr_line' id='line_1_5' title="bbox 290 1603 1506 1702; baseline -0.004 -22"><span class='ocrx_word' id='word_1_33' title='bbox 290 1603 507 1681; x_wconf 73' lang='lat' dir='ltr'>instituerit:</span> <span class='ocrx_word' id='word_1_34' title='bbox 553 1605 753 1699; x_wconf 89' lang='lat' dir='ltr'>quodcum</span> <span class='ocrx_word' id='word_1_35' title='bbox 780 1628 852 1678; x_wconf 89' lang='lat' dir='ltr'>non</span> <span class='ocrx_word' id='word_1_36' title='bbox 877 1605 1099 1693; x_wconf 81' lang='lat' dir='ltr'><strong>succederet,</strong></span> <span class='ocrx_word' id='word_1_37' title='bbox 1134 1604 1342 1679; x_wconf 84' lang='lat' dir='ltr'>Maccabaei</span> <span class='ocrx_word' id='word_1_38' title='bbox 1368 1624 1506 1702; x_wconf 86' lang='lat' dir='ltr'>quoque</span> 
     </span>
    </p>

    <p class='ocr_par' dir='ltr' id='par_1_3' title="bbox 145 1697 1546 2441">
     <span class='ocr_line' id='line_1_6' title="bbox 291 1697 1546 1797; baseline -0.002 -22"><span class='ocrx_word' id='word_1_39' title='bbox 291 1699 366 1775; x_wconf 84' lang='lat' dir='ltr'>sese</span> <span class='ocrx_word' id='word_1_40' title='bbox 388 1700 497 1794; x_wconf 86' lang='lat' dir='ltr'>palanr</span> <span class='ocrx_word' id='word_1_41' title='bbox 524 1720 774 1796; x_wconf 84' lang='lat' dir='ltr'>opponerent,</span> <span class='ocrx_word' id='word_1_42' title='bbox 809 1702 902 1774; x_wconf 89' lang='lat' dir='ltr'>bello</span> <span class='ocrx_word' id='word_1_43' title='bbox 928 1724 989 1775; x_wconf 89' lang='lat' dir='ltr'>eos</span> <span class='ocrx_word' id='word_1_44' title='bbox 1012 1699 1184 1797; x_wconf 83' lang='lat' dir='ltr'>adgressus</span> <span class='ocrx_word' id='word_1_45' title='bbox 1209 1697 1279 1790; x_wconf 86' lang='lat' dir='ltr'>est,</span> <span class='ocrx_word' id='word_1_46' title='bbox 1305 1720 1352 1772; x_wconf 92' lang='lat' dir='ltr'>eo</span> <span class='ocrx_word' id='word_1_47' title='bbox 1377 1702 1504 1795; x_wconf 86' lang='lat' dir='ltr'>scopo,</span> <span class='ocrx_word' id='word_1_48' title='bbox 1544 1738 1546 1742; x_wconf 86' lang='grc'><em>·</em></span> 
     </span>
     <span class='ocr_line' id='line_1_7' title="bbox 291 1792 1505 1891; baseline -0.002 -24"><span class='ocrx_word' id='word_1_49' title='bbox 291 1814 333 1867; x_wconf 85' lang='lat' dir='ltr'>ut</span> <span class='ocrx_word' id='word_1_50' title='bbox 349 1813 457 1867; x_wconf 86' lang='lat' dir='ltr'>totam</span> <span class='ocrx_word' id='word_1_51' title='bbox 482 1793 575 1869; x_wconf 88' lang='lat' dir='ltr'>illam</span> <span class='ocrx_word' id='word_1_52' title='bbox 593 1814 737 1891; x_wconf 87' lang='lat' dir='ltr'><strong>gentem</strong></span> <span class='ocrx_word' id='word_1_53' title='bbox 764 1796 909 1870; x_wconf 87' lang='lat' dir='ltr'>deleret.</span> <span class='ocrx_word' id='word_1_54' title='bbox 957 1801 1101 1891; x_wconf 82' lang='lat' dir='ltr'>Deque</span> <span class='ocrx_word' id='word_1_55' title='bbox 1120 1794 1316 1882; x_wconf 83' lang='lat' dir='ltr'><strong>Antiochi,</strong></span> <span class='ocrx_word' id='word_1_56' title='bbox 1341 1792 1505 1869; x_wconf 80' lang='lat' dir='ltr'>ethosti·</span> 
     </span>
     <span class='ocr_line' id='line_1_8' title="bbox 290 1888 1507 1999; baseline -0.003 -35"><span class='ocrx_word' id='word_1_57' title='bbox 290 1913 352 1964; x_wconf 90' lang='lat' dir='ltr'>um</span> <span class='ocrx_word' id='word_1_58' title='bbox 375 1890 499 1999; x_wconf 92' lang='lat' dir='ltr'>populi</span> <span class='ocrx_word' id='word_1_59' title='bbox 520 1890 614 1981; x_wconf 84' lang='lat' dir='ltr'>Dei,</span> <span class='ocrx_word' id='word_1_60' title='bbox 640 1889 772 1987; x_wconf 87' lang='lat' dir='ltr'>scopo,</span> <span class='ocrx_word' id='word_1_61' title='bbox 796 1891 986 1979; x_wconf 89' lang='lat' dir='ltr'>etanimo,</span> <span class='ocrx_word' id='word_1_62' title='bbox 1014 1891 1101 1962; x_wconf 85' lang='lat' dir='ltr'>ficut</span> <span class='ocrx_word' id='word_1_63' title='bbox 1119 1891 1169 1964; x_wconf 91' lang='lat' dir='ltr'>Ps.</span> <span class='ocrx_word' id='word_1_64' title='bbox 1196 1891 1367 1964; x_wconf 79' lang='lat' dir='ltr'>LXXIV:</span> <span class='ocrx_word' id='word_1_65' title='bbox 1397 1900 1430 1970; x_wconf 86' lang='lat'>8.</span> <span class='ocrx_word' id='word_1_66' title='bbox 1455 1888 1507 1961; x_wconf 81' lang='lat' dir='ltr'>his</span> 
     </span>
     <span class='ocr_line' id='line_1_9' title="bbox 288 1983 1503 2079; baseline -0.002 -21"><span class='ocrx_word' id='word_1_67' title='bbox 288 1988 430 2075; x_wconf 73' lang='lat' dir='ltr'>serbus,</span> <span class='ocrx_word' id='word_1_68' title='bbox 457 1984 614 2059; x_wconf 81' lang='lat' dir='ltr'>hostibus</span> <span class='ocrx_word' id='word_1_69' title='bbox 639 1985 678 2058; x_wconf 89' lang='lat' dir='ltr'>in</span> <span class='ocrx_word' id='word_1_70' title='bbox 703 1985 891 2074; x_wconf 78' lang='lat' dir='ltr'>medatis,</span> <span class='ocrx_word' id='word_1_71' title='bbox 921 1991 1072 2059; x_wconf 71' lang='lat' dir='ltr'>ditarunt</span> <span class='ocrx_word' id='word_1_72' title='bbox 1096 1983 1338 2079; x_wconf 65' lang='lat' dir='ltr'>incomesta,</span> <span class='ocrx_word' id='word_1_73' title='bbox 1365 1987 1503 2059; x_wconf 79' lang='lat' dir='ltr'>eradice-</span> 
     </span>
     <span class='ocr_line' id='line_1_10' title="bbox 288 2079 1504 2178; baseline -0.003 -21"><span class='ocrx_word' id='word_1_74' title='bbox 288 2108 364 2157; x_wconf 82' lang='lat' dir='ltr'>mas</span> <span class='ocrx_word' id='word_1_75' title='bbox 385 2105 437 2157; x_wconf 86' lang='lat' dir='ltr'>ros</span> <span class='ocrx_word' id='word_1_76' title='bbox 457 2087 586 2174; x_wconf 87' lang='lat' dir='ltr'>uniter,</span> <span class='ocrx_word' id='word_1_77' title='bbox 610 2100 710 2155; x_wconf 87' lang='lat' dir='ltr'>autor</span> <span class='ocrx_word' id='word_1_78' title='bbox 727 2082 799 2171; x_wconf 90' lang='lat' dir='ltr'>Ps.,</span> <span class='ocrx_word' id='word_1_79' title='bbox 822 2084 866 2155; x_wconf 89' lang='lat' dir='ltr'>ad</span> <span class='ocrx_word' id='word_1_80' title='bbox 892 2083 979 2155; x_wconf 88' lang='lat' dir='ltr'>haec</span> <span class='ocrx_word' id='word_1_81' title='bbox 996 2104 1154 2178; x_wconf 86' lang='lat' dir='ltr'>tempora</span> <span class='ocrx_word' id='word_1_82' title='bbox 1174 2079 1388 2175; x_wconf 82' lang='lat' dir='ltr'>respiciens,</span> <span class='ocrx_word' id='word_1_83' title='bbox 1415 2098 1452 2153; x_wconf 92' lang='lat' dir='ltr'>ut</span> <span class='ocrx_word' id='word_1_84' title='bbox 1468 2079 1504 2153; x_wconf 92' lang='lat' dir='ltr'>in</span> 
     </span>
     <span class='ocr_line' id='line_1_11' title="bbox 288 2166 1504 2267; baseline -0.005 -14"><span class='ocrx_word' id='word_1_85' title='bbox 288 2182 431 2253; x_wconf 88' lang='lat' dir='ltr'>Conrm.</span> <span class='ocrx_word' id='word_1_86' title='bbox 466 2175 722 2267; x_wconf 79' lang='lat' dir='ltr'>demonstravi,</span> <span class='ocrx_word' id='word_1_87' title='bbox 766 2178 815 2250; x_wconf 89' lang='lat' dir='ltr'>ita</span> <span class='ocrx_word' id='word_1_88' title='bbox 844 2177 991 2251; x_wconf 88' lang='lat' dir='ltr'>historia</span> <span class='ocrx_word' id='word_1_89' title='bbox 1015 2178 1176 2250; x_wconf 86' lang='lat' dir='ltr'>Maccab.</span> <span class='ocrx_word' id='word_1_90' title='bbox 1212 2166 1369 2250; x_wconf 83' lang='lat' dir='ltr'>testatur.</span> <span class='ocrx_word' id='word_1_91' title='bbox 1420 2175 1504 2249; x_wconf 84' lang='lat' dir='ltr'>Vid.</span> 
     </span>
     <span class='ocr_line' id='line_1_12' title="bbox 145 2270 1503 2441; baseline -0.004 -88"><span class='ocrx_word' id='word_1_92' title='bbox 145 2307 146 2311; x_wconf 43' lang='lat'>¹</span> <span class='ocrx_word' id='word_1_93' title='bbox 290 2274 552 2441; x_wconf 68' lang='lat' dir='ltr'>1Macclxlll:</span> <span class='ocrx_word' id='word_1_94' title='bbox 579 2293 639 2368; x_wconf 88' lang='lat'>35,</span> <span class='ocrx_word' id='word_1_95' title='bbox 673 2282 731 2367; x_wconf 80' lang='lat'>36.</span> <span class='ocrx_word' id='word_1_96' title='bbox 780 2274 848 2349; x_wconf 83' lang='lat' dir='ltr'>Vl:</span> <span class='ocrx_word' id='word_1_97' title='bbox 887 2295 942 2350; x_wconf 86' lang='lat'>12.</span> <span class='ocrx_word' id='word_1_98' title='bbox 994 2274 1078 2348; x_wconf 88' lang='lat' dir='ltr'>Vll:</span> <span class='ocrx_word' id='word_1_99' title='bbox 1104 2294 1163 2372; x_wconf 83' lang='lat'>35.</span> <span class='ocrx_word' id='word_1_100' title='bbox 1214 2272 1372 2349; x_wconf 78' lang='lat' dir='ltr'>sMacc.</span> <span class='ocrx_word' id='word_1_101' title='bbox 1400 2270 1503 2349; x_wconf 84' lang='lat' dir='ltr'>vffl:</span> 
     </span>
    </p>

    <p class='ocr_par' dir='ltr' id='par_1_4' title="bbox 381 2390 649 2455">
     <span class='ocr_line' id='line_1_13' title="bbox 381 2390 649 2455; baseline -0.004 1"><span class='ocrx_word' id='word_1_102' title='bbox 381 2426 391 2443; x_wconf 93' lang='lat'><strong>·</strong></span> <span class='ocrx_word' id='word_1_103' title='bbox 493 2391 565 2455; x_wconf 74' lang='lat'>24,</span> <span class='ocrx_word' id='word_1_104' title='bbox 594 2390 649 2455; x_wconf 78' lang='lat'>14.</span> 
     </span>
    </p>

    <p class='ocr_par' dir='ltr' id='par_1_5' title="bbox 231 2391 1506 3898">
     <span class='ocr_line' id='line_1_14' title="bbox 231 2391 1503 2565; baseline 0.002 -29"><span class='ocrx_word' id='word_1_105' title='bbox 231 2462 243 2477; x_wconf 84' lang='grc'><strong>“</strong></span> <span class='ocrx_word' id='word_1_106' title='bbox 290 2391 379 2565; x_wconf 42' lang='grc' dir='ltr'><strong><em>Ἦ</em></strong></span> <span class='ocrx_word' id='word_1_107' title='bbox 396 2462 643 2539; x_wconf 87' lang='lat' dir='ltr'>CCCCXLIX.</span> <span class='ocrx_word' id='word_1_108' title='bbox 685 2461 754 2534; x_wconf 85' lang='lat' dir='ltr'>Sed</span> <span class='ocrx_word' id='word_1_109' title='bbox 787 2462 893 2560; x_wconf 80' lang='lat' dir='ltr'>longe</span> <span class='ocrx_word' id='word_1_110' title='bbox 923 2461 1008 2537; x_wconf 86' lang='lat' dir='ltr'>aliur</span> <span class='ocrx_word' id='word_1_111' title='bbox 1041 2461 1110 2535; x_wconf 88' lang='lat' dir='ltr'>fuit</span> <span class='ocrx_word' id='word_1_112' title='bbox 1143 2460 1295 2559; x_wconf 86' lang='lat' dir='ltr'>supremi</span> <span class='ocrx_word' id='word_1_113' title='bbox 1319 2460 1503 2554; x_wconf 70' lang='lat' dir='ltr'>Refioris,</span> 
     </span>
     <span class='ocr_line' id='line_1_15' title="bbox 287 2555 1504 2657; baseline -0.002 -20"><span class='ocrx_word' id='word_1_114' title='bbox 287 2580 331 2637; x_wconf 81' lang='lat' dir='ltr'>et</span> <span class='ocrx_word' id='word_1_115' title='bbox 352 2558 423 2634; x_wconf 86' lang='lat' dir='ltr'>Dei</span> <span class='ocrx_word' id='word_1_116' title='bbox 451 2557 603 2646; x_wconf 86' lang='lat' dir='ltr'>Israelis,</span> <span class='ocrx_word' id='word_1_117' title='bbox 635 2555 776 2653; x_wconf 86' lang='lat' dir='ltr'>scopus,</span> <span class='ocrx_word' id='word_1_118' title='bbox 818 2559 923 2655; x_wconf 85' lang='lat' dir='ltr'>longe</span> <span class='ocrx_word' id='word_1_119' title='bbox 949 2560 1034 2632; x_wconf 85' lang='lat' dir='ltr'>alius</span> <span class='ocrx_word' id='word_1_120' title='bbox 1066 2581 1205 2653; x_wconf 90' lang='lat' dir='ltr'>quoque</span> <span class='ocrx_word' id='word_1_121' title='bbox 1236 2577 1409 2635; x_wconf 88' lang='lat' dir='ltr'>eventus:</span> <span class='ocrx_word' id='word_1_122' title='bbox 1449 2560 1504 2657; x_wconf 81' lang='lat' dir='ltr'>qui</span> 
     </span>
     <span class='ocr_line' id='line_1_16' title="bbox 289 2652 1506 2751; baseline -0.006 -15"><span class='ocrx_word' id='word_1_123' title='bbox 289 2659 385 2737; x_wconf 84' lang='lat' dir='ltr'>Dan.</span> <span class='ocrx_word' id='word_1_124' title='bbox 411 2654 474 2729; x_wconf 79' lang='lat' dir='ltr'>xl:</span> <span class='ocrx_word' id='word_1_125' title='bbox 501 2676 559 2750; x_wconf 82' lang='lat'>32.</span> <span class='ocrx_word' id='word_1_126' title='bbox 591 2652 648 2726; x_wconf 86' lang='lat' dir='ltr'>his</span> <span class='ocrx_word' id='word_1_127' title='bbox 670 2655 788 2727; x_wconf 89' lang='lat' dir='ltr'>verbis</span> <span class='ocrx_word' id='word_1_128' title='bbox 812 2654 1078 2751; x_wconf 84' lang='lat' dir='ltr'>praenunciatus</span> <span class='ocrx_word' id='word_1_129' title='bbox 1101 2652 1230 2727; x_wconf 83' lang='lat' dir='ltr'>exstat:</span> <span class='ocrx_word' id='word_1_130' title='bbox 1272 2674 1443 2730; x_wconf 84' lang='lat' dir='ltr'>corruent</span> <span class='ocrx_word' id='word_1_131' title='bbox 1464 2657 1506 2729; x_wconf 85' lang='lat' dir='ltr'>al</span> 
     </span>
     <span class='ocr_line' id='line_1_17' title="bbox 287 2747 1503 2852; baseline -0.003 -28"><span class='ocrx_word' id='word_1_132' title='bbox 287 2757 508 2852; x_wconf 75' lang='lat' dir='ltr'>prolunsnm,</span> <span class='ocrx_word' id='word_1_133' title='bbox 543 2752 765 2835; x_wconf 83' lang='lat' dir='ltr'>niridondum,</span> <span class='ocrx_word' id='word_1_134' title='bbox 789 2773 830 2820; x_wconf 86' lang='lat' dir='ltr'>ac</span> <span class='ocrx_word' id='word_1_135' title='bbox 856 2752 1092 2839; x_wconf 78' lang='lat' dir='ltr'>dealbandum,</span> <span class='ocrx_word' id='word_1_136' title='bbox 1119 2747 1246 2849; x_wconf 89' lang='lat' dir='ltr'>quibus</span> <span class='ocrx_word' id='word_1_137' title='bbox 1270 2749 1503 2847; x_wconf 75' lang='lat' dir='ltr'>significatur,</span> 
     </span>
     <span class='ocr_line' id='line_1_18' title="bbox 288 2842 1503 2943; baseline -0.004 -23"><span class='ocrx_word' id='word_1_138' title='bbox 288 2847 391 2922; x_wconf 89' lang='lat' dir='ltr'>utin</span> <span class='ocrx_word' id='word_1_139' title='bbox 417 2851 551 2918; x_wconf 89' lang='lat' dir='ltr'>Comm.</span> <span class='ocrx_word' id='word_1_140' title='bbox 578 2842 705 2929; x_wconf 89' lang='lat' dir='ltr'>docui,</span> <span class='ocrx_word' id='word_1_141' title='bbox 744 2843 921 2943; x_wconf 83' lang='lat' dir='ltr'>duplicem</span> <span class='ocrx_word' id='word_1_142' title='bbox 945 2845 1051 2918; x_wconf 87' lang='lat' dir='ltr'>finem</span> <span class='ocrx_word' id='word_1_143' title='bbox 1076 2863 1114 2918; x_wconf 92' lang='lat' dir='ltr'>et</span> <span class='ocrx_word' id='word_1_144' title='bbox 1137 2845 1270 2916; x_wconf 81' lang='lat' dir='ltr'>exitum</span> <span class='ocrx_word' id='word_1_145' title='bbox 1294 2844 1503 2921; x_wconf 68' lang='lat' dir='ltr'>adflistionis</span> 
     </span>
     <span class='ocr_line' id='line_1_19' title="bbox 287 2935 1502 3034; baseline -0.004 -16"><span class='ocrx_word' id='word_1_146' title='bbox 287 2940 388 3028; x_wconf 75' lang='lat' dir='ltr'>sore,</span> <span class='ocrx_word' id='word_1_147' title='bbox 409 2939 612 3034; x_wconf 79' lang='lat' dir='ltr'>prolationis</span> <span class='ocrx_word' id='word_1_148' title='bbox 639 2935 775 3010; x_wconf 85' lang='lat' dir='ltr'>scilicet</span> <span class='ocrx_word' id='word_1_149' title='bbox 799 2958 836 3010; x_wconf 90' lang='lat' dir='ltr'>et</span> <span class='ocrx_word' id='word_1_150' title='bbox 851 2945 1081 3034; x_wconf 77' lang='lat' dir='ltr'>purgationis,</span> <span class='ocrx_word' id='word_1_151' title='bbox 1104 2964 1147 3013; x_wconf 88' lang='lat' dir='ltr'>ac</span> <span class='ocrx_word' id='word_1_152' title='bbox 1169 2939 1206 3013; x_wconf 90' lang='lat' dir='ltr'>in</span> <span class='ocrx_word' id='word_1_153' title='bbox 1230 2940 1416 3016; x_wconf 89' lang='lat' dir='ltr'>meliorem</span> <span class='ocrx_word' id='word_1_154' title='bbox 1440 2939 1502 3013; x_wconf 80' lang='lat' dir='ltr'>sta·</span> 
     </span>
     <span class='ocr_line' id='line_1_20' title="bbox 272 3031 1504 3132; baseline 0.003 -24"><span class='ocrx_word' id='word_1_155' title='bbox 272 3043 365 3108; x_wconf 85' lang='lat' dir='ltr'>&#39;rum</span> <span class='ocrx_word' id='word_1_156' title='bbox 401 3031 622 3107; x_wconf 69' lang='lat' dir='ltr'>redasiionis.</span> <span class='ocrx_word' id='word_1_157' title='bbox 672 3034 874 3107; x_wconf 85' lang='lat' dir='ltr'>Prolationis</span> <span class='ocrx_word' id='word_1_158' title='bbox 899 3034 1105 3132; x_wconf 69' lang='lat' dir='ltr'>conspesms</span> <span class='ocrx_word' id='word_1_159' title='bbox 1130 3035 1200 3108; x_wconf 92' lang='lat' dir='ltr'>sese</span> <span class='ocrx_word' id='word_1_160' title='bbox 1224 3034 1335 3109; x_wconf 85' lang='lat' dir='ltr'>offert</span> <span class='ocrx_word' id='word_1_161' title='bbox 1360 3039 1399 3112; x_wconf 94' lang='lat' dir='ltr'>in</span> <span class='ocrx_word' id='word_1_162' title='bbox 1423 3036 1504 3112; x_wconf 83' lang='lat' dir='ltr'>fidei</span> 
     </span>
     <span class='ocr_line' id='line_1_21' title="bbox 285 3125 1502 3226; baseline -0.001 -21"><span class='ocrx_word' id='word_1_163' title='bbox 285 3127 511 3218; x_wconf 87' lang='lat' dir='ltr'>constantia,</span> <span class='ocrx_word' id='word_1_164' title='bbox 559 3125 665 3199; x_wconf 88' lang='lat' dir='ltr'>studii</span> <span class='ocrx_word' id='word_1_165' title='bbox 697 3130 879 3226; x_wconf 84' lang='lat' dir='ltr'>religionis</span> <span class='ocrx_word' id='word_1_166' title='bbox 911 3153 953 3202; x_wconf 88' lang='lat' dir='ltr'>ac</span> <span class='ocrx_word' id='word_1_167' title='bbox 988 3130 1131 3204; x_wconf 86' lang='lat' dir='ltr'>virtutis</span> <span class='ocrx_word' id='word_1_168' title='bbox 1172 3130 1502 3221; x_wconf 87' lang='lat' dir='ltr'>demonstratione,</span> 
     </span>
     <span class='ocr_line' id='line_1_22' title="bbox 285 3220 1503 3321; baseline -0.005 -18"><span class='ocrx_word' id='word_1_169' title='bbox 285 3224 492 3304; x_wconf 79' lang='lat' dir='ltr'>conseruata</span> <span class='ocrx_word' id='word_1_170' title='bbox 516 3222 553 3293; x_wconf 91' lang='lat' dir='ltr'>in</span> <span class='ocrx_word' id='word_1_171' title='bbox 579 3220 755 3317; x_wconf 87' lang='lat' dir='ltr'>quibusvis</span> <span class='ocrx_word' id='word_1_172' title='bbox 787 3226 952 3320; x_wconf 80' lang='lat' dir='ltr'>periculis</span> <span class='ocrx_word' id='word_1_173' title='bbox 977 3246 1014 3298; x_wconf 92' lang='lat' dir='ltr'>et</span> <span class='ocrx_word' id='word_1_174' title='bbox 1044 3225 1323 3321; x_wconf 69' lang='lat' dir='ltr'>adllifflonibus,</span> <span class='ocrx_word' id='word_1_175' title='bbox 1363 3226 1503 3321; x_wconf 84' lang='lat' dir='ltr'>religio·</span> 
     </span>
     <span class='ocr_line' id='line_1_23' title="bbox 285 3317 1501 3424; baseline -0.007 -22"><span class='ocrx_word' id='word_1_176' title='bbox 285 3323 345 3402; x_wconf 82' lang='lat' dir='ltr'>nis</span> <span class='ocrx_word' id='word_1_177' title='bbox 369 3321 477 3398; x_wconf 80' lang='lat' dir='ltr'>causa</span> <span class='ocrx_word' id='word_1_178' title='bbox 523 3317 680 3424; x_wconf 77' lang='lat' dir='ltr'>Purgatio</span> <span class='ocrx_word' id='word_1_179' title='bbox 704 3342 791 3391; x_wconf 85' lang='lat' dir='ltr'>vero</span> <span class='ocrx_word' id='word_1_180' title='bbox 814 3321 852 3392; x_wconf 93' lang='lat' dir='ltr'>in</span> <span class='ocrx_word' id='word_1_181' title='bbox 873 3346 921 3393; x_wconf 92' lang='lat' dir='ltr'>eo</span> <span class='ocrx_word' id='word_1_182' title='bbox 945 3320 1133 3417; x_wconf 90' lang='lat' dir='ltr'>conspicua</span> <span class='ocrx_word' id='word_1_183' title='bbox 1156 3323 1246 3412; x_wconf 87' lang='lat' dir='ltr'>fuit,</span> <span class='ocrx_word' id='word_1_184' title='bbox 1269 3323 1366 3421; x_wconf 88' lang='lat' dir='ltr'>quod</span> <span class='ocrx_word' id='word_1_185' title='bbox 1388 3346 1501 3419; x_wconf 89' lang='lat' dir='ltr'>popu·</span> 
     </span>
     <span class='ocr_line' id='line_1_24' title="bbox 287 3413 1500 3520; baseline -0.007 -21"><span class='ocrx_word' id='word_1_186' title='bbox 287 3424 343 3500; x_wconf 78' lang='lat' dir='ltr'>lus</span> <span class='ocrx_word' id='word_1_187' title='bbox 373 3416 501 3517; x_wconf 86' lang='lat' dir='ltr'>partim</span> <span class='ocrx_word' id='word_1_188' title='bbox 533 3413 708 3520; x_wconf 70' lang='lat' dir='ltr'>antibus</span> <span class='ocrx_word' id='word_1_189' title='bbox 735 3414 997 3509; x_wconf 73' lang='lat' dir='ltr'>superstitiosis,</span> <span class='ocrx_word' id='word_1_190' title='bbox 1040 3440 1062 3489; x_wconf 92' lang='lat' dir='ltr'>e</span> <span class='ocrx_word' id='word_1_191' title='bbox 1088 3416 1287 3514; x_wconf 83' lang='lat' dir='ltr'>gentilismo</span> <span class='ocrx_word' id='word_1_192' title='bbox 1315 3417 1500 3505; x_wconf 83' lang='lat' dir='ltr'>desumtie,</span> 
     </span>
     <span class='ocr_line' id='line_1_25' title="bbox 286 3509 1502 3609; baseline -0.002 -20"><span class='ocrx_word' id='word_1_193' title='bbox 286 3539 333 3595; x_wconf 73' lang='lat' dir='ltr'>ac</span> <span class='ocrx_word' id='word_1_194' title='bbox 354 3514 583 3607; x_wconf 86' lang='lat' dir='ltr'>inproborum</span> <span class='ocrx_word' id='word_1_195' title='bbox 612 3509 795 3583; x_wconf 86' lang='lat' dir='ltr'>hommum</span> <span class='ocrx_word' id='word_1_196' title='bbox 819 3511 991 3602; x_wconf 82' lang='lat' dir='ltr'>mixtura,</span> <span class='ocrx_word' id='word_1_197' title='bbox 1025 3514 1121 3587; x_wconf 87' lang='lat' dir='ltr'>smrul</span> <span class='ocrx_word' id='word_1_198' title='bbox 1147 3539 1166 3586; x_wconf 87' lang='lat' dir='ltr'>a</span> <span class='ocrx_word' id='word_1_199' title='bbox 1191 3516 1359 3609; x_wconf 81' lang='lat' dir='ltr'>languore</span> <span class='ocrx_word' id='word_1_200' title='bbox 1383 3538 1425 3588; x_wconf 88' lang='lat' dir='ltr'>ac</span> <span class='ocrx_word' id='word_1_201' title='bbox 1451 3531 1502 3587; x_wconf 88' lang='lat' dir='ltr'>te·</span> 
     </span>
     <span class='ocr_line' id='line_1_26' title="bbox 287 3603 1504 3711; baseline 0.001 -29"><span class='ocrx_word' id='word_1_202' title='bbox 287 3630 377 3711; x_wconf 89' lang='lat' dir='ltr'>pore</span> <span class='ocrx_word' id='word_1_203' title='bbox 401 3603 601 3702; x_wconf 79' lang='lat' dir='ltr'>religionis,</span> <span class='ocrx_word' id='word_1_204' title='bbox 627 3604 769 3703; x_wconf 89' lang='lat' dir='ltr'>aliisque</span> <span class='ocrx_word' id='word_1_205' title='bbox 791 3612 1020 3704; x_wconf 71' lang='lat' dir='ltr'>corruptelis,</span> <span class='ocrx_word' id='word_1_206' title='bbox 1054 3631 1142 3704; x_wconf 88' lang='lat' dir='ltr'>quae</span> <span class='ocrx_word' id='word_1_207' title='bbox 1169 3607 1204 3680; x_wconf 94' lang='lat' dir='ltr'>in</span> <span class='ocrx_word' id='word_1_208' title='bbox 1228 3609 1419 3685; x_wconf 77' lang='lat' dir='ltr'>Ecclesiam</span> <span class='ocrx_word' id='word_1_209' title='bbox 1444 3611 1504 3707; x_wconf 86' lang='lat' dir='ltr'>Ju-</span> 
     </span>
     <span class='ocr_line' id='line_1_27' title="bbox 287 3702 1504 3804; baseline 0.001 -28"><span class='ocrx_word' id='word_1_210' title='bbox 287 3705 422 3789; x_wconf 84' lang='lat' dir='ltr'>daicam</span> <span class='ocrx_word' id='word_1_211' title='bbox 448 3702 674 3795; x_wconf 86' lang='lat' dir='ltr'>irrepserant,</span> <span class='ocrx_word' id='word_1_212' title='bbox 718 3704 826 3776; x_wconf 88' lang='lat' dir='ltr'>fuerit</span> <span class='ocrx_word' id='word_1_213' title='bbox 850 3707 1028 3801; x_wconf 87' lang='lat' dir='ltr'>perhanc</span> <span class='ocrx_word' id='word_1_214' title='bbox 1060 3703 1299 3777; x_wconf 67' lang='lat' dir='ltr'>astrictionem</span> <span class='ocrx_word' id='word_1_215' title='bbox 1319 3723 1504 3804; x_wconf 78' lang='lat' dir='ltr'>purgatus,</span> 
     </span>
     <span class='ocr_line' id='line_1_28' title="bbox 288 3796 1503 3898; baseline 0.004 -26"><span class='ocrx_word' id='word_1_216' title='bbox 288 3798 415 3898; x_wconf 83' lang='lat' dir='ltr'>partim</span> <span class='ocrx_word' id='word_1_217' title='bbox 449 3796 485 3869; x_wconf 92' lang='lat' dir='ltr'>in</span> <span class='ocrx_word' id='word_1_218' title='bbox 525 3796 629 3892; x_wconf 84' lang='lat' dir='ltr'>longe</span> <span class='ocrx_word' id='word_1_219' title='bbox 662 3798 929 3894; x_wconf 88' lang='lat' dir='ltr'>splendidiorem</span> <span class='ocrx_word' id='word_1_220' title='bbox 971 3798 1244 3890; x_wconf 80' lang='lat' dir='ltr'>conditionem,</span> <span class='ocrx_word' id='word_1_221' title='bbox 1281 3801 1363 3895; x_wconf 90' lang='lat' dir='ltr'>post</span> <span class='ocrx_word' id='word_1_222' title='bbox 1395 3824 1503 3890; x_wconf 84' lang='lat' dir='ltr'>eam,</span> 
     </span>
    </p>

    <p class='ocr_par' dir='ltr' id='par_1_6' title="bbox 180 3891 1505 4761">
     <span class='ocr_line' id='line_1_29' title="bbox 180 3891 1502 3992; baseline 0.002 -27"><span class='ocrx_word' id='word_1_223' title='bbox 180 3930 188 3935; x_wconf 95' lang='lat'>·</span> <span class='ocrx_word' id='word_1_224' title='bbox 288 3893 493 3991; x_wconf 51' lang='lat' dir='ltr'>transsatum</span> <span class='ocrx_word' id='word_1_225' title='bbox 521 3891 573 3961; x_wconf 88' lang='lat' dir='ltr'>uti</span> <span class='ocrx_word' id='word_1_226' title='bbox 596 3891 656 3965; x_wconf 86' lang='lat' dir='ltr'>sub</span> <span class='ocrx_word' id='word_1_227' title='bbox 682 3894 826 3966; x_wconf 84' lang='lat' dir='ltr'>Simone</span> <span class='ocrx_word' id='word_1_228' title='bbox 848 3915 885 3967; x_wconf 89' lang='lat' dir='ltr'>et</span> <span class='ocrx_word' id='word_1_229' title='bbox 910 3898 1082 3986; x_wconf 72' lang='lat' dir='ltr'>Hyrcano</span> <span class='ocrx_word' id='word_1_230' title='bbox 1108 3896 1236 3967; x_wconf 70' lang='lat' dir='ltr'>fusium</span> <span class='ocrx_word' id='word_1_231' title='bbox 1262 3894 1332 3970; x_wconf 89' lang='lat' dir='ltr'>est:</span> <span class='ocrx_word' id='word_1_232' title='bbox 1366 3897 1412 3971; x_wconf 86' lang='lat' dir='ltr'>de</span> <span class='ocrx_word' id='word_1_233' title='bbox 1431 3919 1502 3992; x_wconf 89' lang='lat' dir='ltr'>quo</span> 
     </span>
     <span class='ocr_line' id='line_1_30' title="bbox 318 3984 1501 4086; baseline -0.005 -15"><span class='ocrx_word' id='word_1_234' title='bbox 318 3991 410 4071; x_wconf 88' lang='lat' dir='ltr'>ostea</span> <span class='ocrx_word' id='word_1_235' title='bbox 432 3984 494 4059; x_wconf 90' lang='lat' dir='ltr'>suo</span> <span class='ocrx_word' id='word_1_236' title='bbox 517 3986 609 4060; x_wconf 86' lang='lat' dir='ltr'>loco.</span> <span class='ocrx_word' id='word_1_237' title='bbox 637 3989 777 4062; x_wconf 79' lang='lat' dir='ltr'>¹Fnrllat</span> <span class='ocrx_word' id='word_1_238' title='bbox 809 3989 853 4062; x_wconf 86' lang='lat' dir='ltr'>de</span> <span class='ocrx_word' id='word_1_239' title='bbox 877 4016 923 4064; x_wconf 90' lang='lat' dir='ltr'>eo</span> <span class='ocrx_word' id='word_1_240' title='bbox 946 3995 1119 4067; x_wconf 85' lang='lat' dir='ltr'>luculenta</span> <span class='ocrx_word' id='word_1_241' title='bbox 1149 3988 1366 4086; x_wconf 71' lang='lat' dir='ltr'>praedietis,</span> <span class='ocrx_word' id='word_1_242' title='bbox 1411 3993 1501 4065; x_wconf 90' lang='lat' dir='ltr'>Dan.</span> 
     </span>
     <span class='ocr_line' id='line_1_31' title="bbox 327 4081 1503 4185; baseline -0.003 -20"><span class='ocrx_word' id='word_1_243' title='bbox 327 4094 371 4165; x_wconf 87' lang='lat' dir='ltr'>ll:</span> <span class='ocrx_word' id='word_1_244' title='bbox 398 4108 432 4173; x_wconf 87' lang='lat'>2,</span> <span class='ocrx_word' id='word_1_245' title='bbox 467 4103 499 4173; x_wconf 77' lang='grc'>3.</span> <span class='ocrx_word' id='word_1_246' title='bbox 549 4081 616 4173; x_wconf 86' lang='lat' dir='ltr'>lpsr</span> <span class='ocrx_word' id='word_1_247' title='bbox 644 4087 835 4178; x_wconf 85' lang='lat' dir='ltr'>prudentes</span> <span class='ocrx_word' id='word_1_248' title='bbox 865 4089 1078 4181; x_wconf 86' lang='lat' dir='ltr'>Judaeorum</span> <span class='ocrx_word' id='word_1_249' title='bbox 1108 4089 1179 4159; x_wconf 87' lang='lat' dir='ltr'>hoc</span> <span class='ocrx_word' id='word_1_250' title='bbox 1211 4087 1315 4159; x_wconf 88' lang='lat' dir='ltr'>oculo</span> <span class='ocrx_word' id='word_1_251' title='bbox 1341 4088 1503 4185; x_wconf 86' lang='lat' dir='ltr'>persecu·</span> 
     </span>
     <span class='ocr_line' id='line_1_32' title="bbox 289 4181 1503 4280; baseline -0.002 -20"><span class='ocrx_word' id='word_1_252' title='bbox 289 4189 425 4271; x_wconf 70' lang='lat' dir='ltr'>tionem</span> <span class='ocrx_word' id='word_1_253' title='bbox 442 4195 599 4280; x_wconf 81' lang='lat' dir='ltr'>quoque,</span> <span class='ocrx_word' id='word_1_254' title='bbox 625 4201 669 4249; x_wconf 88' lang='lat' dir='ltr'>eo</span> <span class='ocrx_word' id='word_1_255' title='bbox 687 4181 762 4273; x_wconf 90' lang='lat' dir='ltr'>ipso</span> <span class='ocrx_word' id='word_1_256' title='bbox 779 4184 961 4276; x_wconf 86' lang='lat' dir='ltr'>ternpore,</span> <span class='ocrx_word' id='word_1_257' title='bbox 986 4183 1064 4257; x_wconf 92' lang='lat' dir='ltr'>sunt</span> <span class='ocrx_word' id='word_1_258' title='bbox 1082 4182 1321 4278; x_wconf 85' lang='lat' dir='ltr'>contemplati.</span> <span class='ocrx_word' id='word_1_259' title='bbox 1369 4183 1503 4259; x_wconf 81' lang='lat' dir='ltr'>Maru·</span> 
     </span>
     <span class='ocr_line' id='line_1_33' title="bbox 288 4273 1503 4374; baseline -0.006 -14"><span class='ocrx_word' id='word_1_260' title='bbox 288 4285 356 4363; x_wconf 83' lang='lat' dir='ltr'>tias</span> <span class='ocrx_word' id='word_1_261' title='bbox 383 4277 421 4349; x_wconf 91' lang='lat' dir='ltr'>in</span> <span class='ocrx_word' id='word_1_262' title='bbox 444 4289 602 4346; x_wconf 79' lang='lat' dir='ltr'>oratione</span> <span class='ocrx_word' id='word_1_263' title='bbox 625 4273 668 4342; x_wconf 76' lang='lat' dir='ltr'>ad</span> <span class='ocrx_word' id='word_1_264' title='bbox 695 4275 787 4347; x_wconf 86' lang='lat' dir='ltr'>filios</span> <span class='ocrx_word' id='word_1_265' title='bbox 815 4301 831 4349; x_wconf 91' lang='lat'>1</span> <span class='ocrx_word' id='word_1_266' title='bbox 855 4279 973 4352; x_wconf 83' lang='lat' dir='ltr'>Mace.</span> <span class='ocrx_word' id='word_1_267' title='bbox 1000 4281 1131 4370; x_wconf 80' lang='lat'>11:49.</span> <span class='ocrx_word' id='word_1_268' title='bbox 1163 4277 1285 4374; x_wconf 61' lang='lat' dir='ltr'>mortis</span> <span class='ocrx_word' id='word_1_269' title='bbox 1301 4282 1503 4371; x_wconf 70' lang='lat' dir='ltr'>&#39;exploratio-</span> 
     </span>
     <span class='ocr_line' id='line_1_34' title="bbox 289 4368 1500 4471; baseline 0.005 -29"><span class='ocrx_word' id='word_1_270' title='bbox 289 4407 360 4465; x_wconf 56' lang='lat' dir='ltr'>nem</span> <span class='ocrx_word' id='word_1_271' title='bbox 384 4389 570 4471; x_wconf 85' lang='lat' dir='ltr'>propterea</span> <span class='ocrx_word' id='word_1_272' title='bbox 592 4368 800 4460; x_wconf 83' lang='lat' dir='ltr'>adpellavit,</span> <span class='ocrx_word' id='word_1_273' title='bbox 841 4373 1008 4447; x_wconf 86' lang='lat' dir='ltr'>notabilia</span> <span class='ocrx_word' id='word_1_274' title='bbox 1032 4377 1111 4448; x_wconf 88' lang='lat' dir='ltr'>sunt</span> <span class='ocrx_word' id='word_1_275' title='bbox 1135 4374 1315 4448; x_wconf 75' lang='lat' dir='ltr'>autoris-a</span> <span class='ocrx_word' id='word_1_276' title='bbox 1334 4375 1500 4449; x_wconf 71' lang='lat' dir='ltr'>Macran</span> 
     </span>
     <span class='ocr_line' id='line_1_35' title="bbox 288 4465 1502 4568; baseline -0.007 -14"><span class='ocrx_word' id='word_1_277' title='bbox 288 4482 358 4560; x_wconf 60' lang='lat' dir='ltr'>[Vll</span> <span class='ocrx_word' id='word_1_278' title='bbox 388 4490 440 4546; x_wconf 77' lang='lat'>12.</span> <span class='ocrx_word' id='word_1_279' title='bbox 466 4466 591 4537; x_wconf 76' lang='lat' dir='ltr'>veria:</span> <span class='ocrx_word' id='word_1_280' title='bbox 627 4466 723 4558; x_wconf 68' lang='lat' dir='ltr'>liujus</span> <span class='ocrx_word' id='word_1_281' title='bbox 747 4468 822 4536; x_wconf 80' lang='lat' dir='ltr'>libri</span> <span class='ocrx_word' id='word_1_282' title='bbox 847 4469 977 4542; x_wconf 70' lang='lat' dir='ltr'>sessores</span> <span class='ocrx_word' id='word_1_283' title='bbox 1003 4472 1130 4558; x_wconf 75' lang='lat' dir='ltr'>horror,</span> <span class='ocrx_word' id='word_1_284' title='bbox 1172 4465 1211 4543; x_wconf 71' lang='lat' dir='ltr'>nr</span> <span class='ocrx_word' id='word_1_285' title='bbox 1232 4489 1362 4568; x_wconf 80' lang='lat' dir='ltr'>propter</span> <span class='ocrx_word' id='word_1_286' title='bbox 1387 4475 1502 4545; x_wconf 79' lang='lat' dir='ltr'>adrer-</span> 
     </span>
     <span class='ocr_line' id='line_1_36' title="bbox 287 4560 1504 4682; baseline -0.002 -41"><span class='ocrx_word' id='word_1_287' title='bbox 287 4580 341 4682; x_wconf 58' lang='grc' dir='ltr'>[ος</span> <span class='ocrx_word' id='word_1_288' title='bbox 365 4564 618 4673; x_wconf 72' lang='lat' dir='ltr'>rasurarlr‘rarm</span> <span class='ocrx_word' id='word_1_289' title='bbox 639 4560 877 4671; x_wconf 71' lang='lat' dir='ltr'>despondeant,</span> <span class='ocrx_word' id='word_1_290' title='bbox 884 4562 949 4665; x_wconf 80' lang='lat' dir='ltr'>secl</span> <span class='ocrx_word' id='word_1_291' title='bbox 971 4571 1132 4662; x_wconf 74' lang='lat' dir='ltr'>rogitent,</span> <span class='ocrx_word' id='word_1_292' title='bbox 1151 4584 1278 4662; x_wconf 77' lang='lat' dir='ltr'>porros</span> <span class='ocrx_word' id='word_1_293' title='bbox 1294 4570 1504 4680; x_wconf 54' lang='lat' dir='ltr'>nonaipsrg</span> 
     </span>
     <span class='ocr_line' id='line_1_37' title="bbox 803 4668 1505 4761; baseline 0.003 -29.3"><span class='ocrx_word' id='word_1_294' title='bbox 803 4724 815 4750; x_wconf 70' lang='lat'>.‚</span> <span class='ocrx_word' id='word_1_295' title='bbox 911 4724 918 4733; x_wconf 93' lang='lat'><strong><em>.</em></strong></span> <span class='ocrx_word' id='word_1_296' title='bbox 1368 4668 1505 4761; x_wconf 77' lang='lat' dir='ltr'>ostiens,</span> 
     </span>
    </p>
   </div>
   <div class='ocr_carea' id='block_1_3' title="bbox 0 0 1792 5884">
    <p class='ocr_par' dir='ltr' id='par_1_7' title="bbox 0 0 1792 5884">
     <span class='ocr_line' id='line_1_38' title="bbox 0 0 1792 5884; baseline 0 1"><span class='ocrx_word' id='word_1_297' title='bbox 0 0 1792 5884; x_wconf 95' lang='lat' dir='ltr'> </span> 
     </span>
    </p>
   </div>
  </div>
 </body>
</html>
