<?xml version="1.0" encoding="UTF-8"?>
<!DOCTYPE html PUBLIC "-//W3C//DTD XHTML 1.0 Transitional//EN"
    "http://www.w3.org/TR/xhtml1/DTD/xhtml1-transitional.dtd">
<html xmlns="http://www.w3.org/1999/xhtml" xml:lang="en" lang="en">
 <head>
  <title>
</title>
<meta http-equiv="Content-Type" content="text/html;charset=utf-8" />
  <meta name='ocr-system' content='tesseract 3.04.00' />
  <meta name='ocr-capabilities' content='ocr_page ocr_carea ocr_par ocr_line ocrx_word'/>
</head>
<body>
  <div class='ocr_page' id='page_1' title='image "./hermannivenemai04venegoog/hermannivenemai04venegoog_0024.png"; bbox 0 0 3575 5884; ppageno 0'>
   <div class='ocr_carea' id='block_1_1' title="bbox 281 1105 1156 1260">
    <p class='ocr_par' dir='ltr' id='par_1_1' title="bbox 281 1105 1156 1260">
     <span class='ocr_line' id='line_1_1' title="bbox 281 1105 1156 1260; baseline 0.018 -51"><span class='ocrx_word' id='word_1_1' title='bbox 281 1171 327 1233; x_wconf 67' lang='grc' dir='ltr'><strong>ω</strong></span> <span class='ocrx_word' id='word_1_2' title='bbox 618 1105 763 1245; x_wconf 70' lang='lat' dir='ltr'><strong>lhstoria</strong></span> <span class='ocrx_word' id='word_1_3' title='bbox 787 1139 1018 1260; x_wconf 71' lang='lat' dir='ltr'><strong>Etclefiostica</strong></span> <span class='ocrx_word' id='word_1_4' title='bbox 1042 1147 1084 1224; x_wconf 87' lang='lat' dir='ltr'><strong>V.</strong></span> <span class='ocrx_word' id='word_1_5' title='bbox 1114 1147 1156 1224; x_wconf 87' lang='grc' dir='ltr'><strong>Τ.</strong></span> 
     </span>
    </p>
   </div>
   <div class='ocr_carea' id='block_1_2' title="bbox 159 1325 1505 3915">
    <p class='ocr_par' dir='ltr' id='par_1_2' title="bbox 159 1325 1505 3915">
     <span class='ocr_line' id='line_1_2' title="bbox 280 1325 1504 1500; baseline 0.001 -93"><span class='ocrx_word' id='word_1_6' title='bbox 280 1344 517 1500; x_wconf 42' lang='lat' dir='ltr'><strong>&amp;paquara</strong></span> <span class='ocrx_word' id='word_1_7' title='bbox 542 1325 638 1400; x_wconf 78' lang='lat' dir='ltr'><strong>utab</strong></span> <span class='ocrx_word' id='word_1_8' title='bbox 657 1349 729 1400; x_wconf 90' lang='lat' dir='ltr'><strong>uno</strong></span> <span class='ocrx_word' id='word_1_9' title='bbox 754 1326 952 1422; x_wconf 85' lang='lat' dir='ltr'><strong>eodemque</strong></span> <span class='ocrx_word' id='word_1_10' title='bbox 973 1327 1184 1418; x_wconf 68' lang='lat' dir='ltr'><strong>colledore,</strong></span> <span class='ocrx_word' id='word_1_11' title='bbox 1212 1327 1346 1405; x_wconf 87' lang='lat' dir='ltr'><strong>censeri</strong></span> <span class='ocrx_word' id='word_1_12' title='bbox 1372 1350 1504 1428; x_wconf 80' lang='lat' dir='ltr'><strong>queant</strong></span> 
     </span>
     <span class='ocr_line' id='line_1_3' title="bbox 308 1451 1393 1501; baseline -0.002 0"><span class='ocrx_word' id='word_1_13' title='bbox 308 1452 385 1501; x_wconf 89' lang='lat' dir='ltr'><strong>roe</strong></span> <span class='ocrx_word' id='word_1_14' title='bbox 438 1483 446 1498; x_wconf 93' lang='lat'><strong>.</strong></span> <span class='ocrx_word' id='word_1_15' title='bbox 531 1489 535 1497; x_wconf 94' lang='lat'><strong>.</strong></span> <span class='ocrx_word' id='word_1_16' title='bbox 1390 1451 1393 1456; x_wconf 89' lang='lat'>·</span> 
     </span>
     <span class='ocr_line' id='line_1_4' title="bbox 281 1454 1505 1622; baseline 0.006 -28"><span class='ocrx_word' id='word_1_17' title='bbox 281 1454 361 1622; x_wconf 60' lang='lat' dir='ltr'><strong>pq.</strong></span> <span class='ocrx_word' id='word_1_18' title='bbox 387 1519 487 1594; x_wconf 85' lang='lat' dir='ltr'><strong>XIII.</strong></span> <span class='ocrx_word' id='word_1_19' title='bbox 513 1515 644 1590; x_wconf 87' lang='lat' dir='ltr'><strong>Eadem</strong></span> <span class='ocrx_word' id='word_1_20' title='bbox 669 1517 810 1612; x_wconf 91' lang='lat' dir='ltr'><strong>quidem</strong></span> <span class='ocrx_word' id='word_1_21' title='bbox 835 1517 981 1594; x_wconf 86' lang='lat' dir='ltr'>subinde</span> <span class='ocrx_word' id='word_1_22' title='bbox 1007 1521 1194 1617; x_wconf 86' lang='lat' dir='ltr'>utrobique</span> <span class='ocrx_word' id='word_1_23' title='bbox 1215 1543 1414 1612; x_wconf 85' lang='lat' dir='ltr'><strong>narrantur,</strong></span> <span class='ocrx_word' id='word_1_24' title='bbox 1441 1522 1505 1601; x_wconf 84' lang='lat' dir='ltr'><strong>sed</strong></span> 
     </span>
     <span class='ocr_line' id='line_1_5' title="bbox 282 1613 1500 1722; baseline -0.002 -29"><span class='ocrx_word' id='word_1_25' title='bbox 282 1643 365 1696; x_wconf 87' lang='lat' dir='ltr'><strong>cum</strong></span> <span class='ocrx_word' id='word_1_26' title='bbox 388 1616 500 1722; x_wconf 88' lang='lat' dir='ltr'><strong>aliqua</strong></span> <span class='ocrx_word' id='word_1_27' title='bbox 521 1613 641 1709; x_wconf 88' lang='lat' dir='ltr'><strong>pallim</strong></span> <span class='ocrx_word' id='word_1_28' title='bbox 665 1613 886 1705; x_wconf 82' lang='lat' dir='ltr'><strong>diversitate,</strong></span> <span class='ocrx_word' id='word_1_29' title='bbox 913 1635 1012 1690; x_wconf 84' lang='lat' dir='ltr'><strong>etex</strong></span> <span class='ocrx_word' id='word_1_30' title='bbox 1029 1615 1200 1690; x_wconf 71' lang='lat' dir='ltr'><strong>distinslis</strong></span> <span class='ocrx_word' id='word_1_31' title='bbox 1225 1617 1415 1707; x_wconf 86' lang='lat' dir='ltr'><strong>schedulis,</strong></span> <span class='ocrx_word' id='word_1_32' title='bbox 1442 1619 1500 1691; x_wconf 70' lang='lat' dir='ltr'><strong>iis</strong></span> 
     </span>
     <span class='ocr_line' id='line_1_6' title="bbox 282 1709 1499 1809; baseline -0.001 -22"><span class='ocrx_word' id='word_1_33' title='bbox 282 1717 366 1791; x_wconf 90' lang='lat' dir='ltr'><strong>dem</strong></span> <span class='ocrx_word' id='word_1_34' title='bbox 391 1709 532 1808; x_wconf 80' lang='lat' dir='ltr'><strong>quidem</strong></span> <span class='ocrx_word' id='word_1_35' title='bbox 556 1709 795 1784; x_wconf 87' lang='lat' dir='ltr'>schedularum</span> <span class='ocrx_word' id='word_1_36' title='bbox 819 1730 958 1784; x_wconf 80' lang='lat' dir='ltr'>autores</span> <span class='ocrx_word' id='word_1_37' title='bbox 982 1711 1031 1784; x_wconf 90' lang='lat' dir='ltr'><strong>usr</strong></span> <span class='ocrx_word' id='word_1_38' title='bbox 1046 1713 1126 1786; x_wconf 91' lang='lat' dir='ltr'><strong>sunt</strong></span> <span class='ocrx_word' id='word_1_39' title='bbox 1141 1714 1402 1786; x_wconf 87' lang='lat' dir='ltr'><strong>commentariis</strong></span> <span class='ocrx_word' id='word_1_40' title='bbox 1417 1738 1499 1809; x_wconf 92' lang='lat' dir='ltr'><strong>pro·</strong></span> 
     </span>
     <span class='ocr_line' id='line_1_7' title="bbox 283 1803 1500 1905; baseline -0.003 -19"><span class='ocrx_word' id='word_1_41' title='bbox 283 1807 487 1892; x_wconf 83' lang='lat' dir='ltr'><strong>lixioribus‚</strong></span> <span class='ocrx_word' id='word_1_42' title='bbox 521 1803 578 1878; x_wconf 90' lang='lat' dir='ltr'><strong>sed</strong></span> <span class='ocrx_word' id='word_1_43' title='bbox 602 1804 737 1880; x_wconf 90' lang='lat' dir='ltr'><strong>diversa</strong></span> <span class='ocrx_word' id='word_1_44' title='bbox 754 1807 1131 1904; x_wconf 83' lang='lat' dir='ltr'><strong>excerpsemntgesta.</strong></span> <span class='ocrx_word' id='word_1_45' title='bbox 1178 1806 1277 1881; x_wconf 88' lang='lat' dir='ltr'><strong>Libri</strong></span> <span class='ocrx_word' id='word_1_46' title='bbox 1295 1811 1436 1905; x_wconf 85' lang='lat' dir='ltr'><strong>Regum</strong></span> <span class='ocrx_word' id='word_1_47' title='bbox 1461 1809 1500 1882; x_wconf 89' lang='lat' dir='ltr'><strong>in</strong></span> 
     </span>
     <span class='ocr_line' id='line_1_8' title="bbox 282 1900 1501 2008; baseline -0.003 -28"><span class='ocrx_word' id='word_1_48' title='bbox 282 1902 430 1981; x_wconf 84' lang='lat' dir='ltr'><strong>historia</strong></span> <span class='ocrx_word' id='word_1_49' title='bbox 454 1923 577 2000; x_wconf 84' lang='lat' dir='ltr'><strong>regum</strong></span> <span class='ocrx_word' id='word_1_50' title='bbox 603 1901 735 1975; x_wconf 86' lang='lat' dir='ltr'><strong>Israelis</strong></span> <span class='ocrx_word' id='word_1_51' title='bbox 758 1900 970 2008; x_wconf 81' lang='lat' dir='ltr'><strong>prolixiores</strong></span> <span class='ocrx_word' id='word_1_52' title='bbox 985 1903 1082 1992; x_wconf 91' lang='lat' dir='ltr'><strong>sunt,</strong></span> <span class='ocrx_word' id='word_1_53' title='bbox 1107 1927 1195 1999; x_wconf 87' lang='lat' dir='ltr'><strong>quae</strong></span> <span class='ocrx_word' id='word_1_54' title='bbox 1218 1904 1256 1976; x_wconf 95' lang='lat' dir='ltr'><strong>in</strong></span> <span class='ocrx_word' id='word_1_55' title='bbox 1274 1905 1370 1978; x_wconf 90' lang='lat' dir='ltr'><strong>libris</strong></span> <span class='ocrx_word' id='word_1_56' title='bbox 1387 1906 1501 1978; x_wconf 82' lang='lat' dir='ltr'><strong>Chro-</strong></span> 
     </span>
     <span class='ocr_line' id='line_1_9' title="bbox 285 1994 1498 2099; baseline -0.004 -23"><span class='ocrx_word' id='word_1_57' title='bbox 285 2001 450 2076; x_wconf 91' lang='lat' dir='ltr'><strong>nicorum</strong></span> <span class='ocrx_word' id='word_1_58' title='bbox 478 1997 690 2095; x_wconf 83' lang='lat' dir='ltr'><strong>negligitur,</strong></span> <span class='ocrx_word' id='word_1_59' title='bbox 730 1995 793 2070; x_wconf 88' lang='lat' dir='ltr'><strong>msr</strong></span> <span class='ocrx_word' id='word_1_60' title='bbox 818 1994 856 2069; x_wconf 90' lang='lat' dir='ltr'><strong>in</strong></span> <span class='ocrx_word' id='word_1_61' title='bbox 881 1998 983 2073; x_wconf 88' lang='lat' dir='ltr'><strong>rebus</strong></span> <span class='ocrx_word' id='word_1_62' title='bbox 1006 1999 1049 2071; x_wconf 87' lang='lat' dir='ltr'><strong>ad</strong></span> <span class='ocrx_word' id='word_1_63' title='bbox 1073 2022 1219 2095; x_wconf 91' lang='lat' dir='ltr'><strong>regnum</strong></span> <span class='ocrx_word' id='word_1_64' title='bbox 1253 2001 1363 2096; x_wconf 85' lang='lat' dir='ltr'><strong>Judae</strong></span> <span class='ocrx_word' id='word_1_65' title='bbox 1385 2000 1498 2099; x_wconf 83' lang='lat' dir='ltr'><strong>perti·</strong></span> 
     </span>
     <span class='ocr_line' id='line_1_10' title="bbox 284 2091 1499 2193; baseline -0.004 -21"><span class='ocrx_word' id='word_1_66' title='bbox 284 2095 470 2183; x_wconf 77' lang='lat' dir='ltr'><strong>mentibus,</strong></span> <span class='ocrx_word' id='word_1_67' title='bbox 512 2095 725 2191; x_wconf 89' lang='lat' dir='ltr'><strong>Judaeorum</strong></span> <span class='ocrx_word' id='word_1_68' title='bbox 751 2111 868 2167; x_wconf 86' lang='lat' dir='ltr'><strong>autern</strong></span> <span class='ocrx_word' id='word_1_69' title='bbox 902 2091 1046 2168; x_wconf 85' lang='lat' dir='ltr'><strong>historia</strong></span> <span class='ocrx_word' id='word_1_70' title='bbox 1076 2095 1297 2193; x_wconf 89' lang='lat' dir='ltr'><strong>praecipuam</strong></span> <span class='ocrx_word' id='word_1_71' title='bbox 1329 2096 1499 2175; x_wconf 85' lang='lat' dir='ltr'><strong>librorum</strong></span> 
     </span>
     <span class='ocr_line' id='line_1_11' title="bbox 284 2187 1498 2299; baseline 0 -32"><span class='ocrx_word' id='word_1_72' title='bbox 284 2193 418 2267; x_wconf 88' lang='lat' dir='ltr'><strong>Chron.</strong></span> <span class='ocrx_word' id='word_1_73' title='bbox 436 2211 574 2289; x_wconf 89' lang='lat' dir='ltr'><strong>partem</strong></span> <span class='ocrx_word' id='word_1_74' title='bbox 589 2189 686 2263; x_wconf 87' lang='lat' dir='ltr'><strong>facit.</strong></span> <span class='ocrx_word' id='word_1_75' title='bbox 735 2187 920 2285; x_wconf 89' lang='lat' dir='ltr'><strong>Denique,</strong></span> <span class='ocrx_word' id='word_1_76' title='bbox 946 2191 1038 2285; x_wconf 91' lang='lat' dir='ltr'><strong>quod</strong></span> <span class='ocrx_word' id='word_1_77' title='bbox 1054 2190 1221 2299; x_wconf 78' lang='lat' dir='ltr'><strong>singulare</strong></span> <span class='ocrx_word' id='word_1_78' title='bbox 1238 2192 1309 2280; x_wconf 90' lang='lat' dir='ltr'><strong>est,</strong></span> <span class='ocrx_word' id='word_1_79' title='bbox 1334 2193 1498 2287; x_wconf 84' lang='lat' dir='ltr'><strong>graviora</strong></span> 
     </span>
     <span class='ocr_line' id='line_1_12' title="bbox 283 2285 1497 2382; baseline -0.002 -19"><span class='ocrx_word' id='word_1_80' title='bbox 283 2287 376 2364; x_wconf 84' lang='lat' dir='ltr'><strong>vitia</strong></span> <span class='ocrx_word' id='word_1_81' title='bbox 397 2307 435 2362; x_wconf 90' lang='lat' dir='ltr'><strong>et</strong></span> <span class='ocrx_word' id='word_1_82' title='bbox 458 2286 605 2357; x_wconf 90' lang='lat' dir='ltr'><strong>crimina</strong></span> <span class='ocrx_word' id='word_1_83' title='bbox 630 2307 753 2382; x_wconf 89' lang='lat' dir='ltr'><strong>regum</strong></span> <span class='ocrx_word' id='word_1_84' title='bbox 776 2285 907 2378; x_wconf 91' lang='lat' dir='ltr'><strong>Judae,</strong></span> <span class='ocrx_word' id='word_1_85' title='bbox 933 2306 972 2357; x_wconf 91' lang='lat' dir='ltr'><strong>ut</strong></span> <span class='ocrx_word' id='word_1_86' title='bbox 987 2286 1135 2360; x_wconf 85' lang='lat' dir='ltr'><strong>Davidrs</strong></span> <span class='ocrx_word' id='word_1_87' title='bbox 1150 2307 1187 2359; x_wconf 92' lang='lat' dir='ltr'><strong>et</strong></span> <span class='ocrx_word' id='word_1_88' title='bbox 1212 2288 1426 2376; x_wconf 83' lang='lat' dir='ltr'><strong>Salomonis,</strong></span> <span class='ocrx_word' id='word_1_89' title='bbox 1454 2289 1497 2360; x_wconf 84' lang='lat' dir='ltr'><strong>sr-</strong></span> 
     </span>
     <span class='ocr_line' id='line_1_13' title="bbox 282 2380 1499 2548; baseline 0 -92"><span class='ocrx_word' id='word_1_90' title='bbox 282 2383 397 2462; x_wconf 91' lang='lat' dir='ltr'><strong>lentio</strong></span> <span class='ocrx_word' id='word_1_91' title='bbox 423 2381 670 2467; x_wconf 86' lang='lat' dir='ltr'><strong>involvuntur,</strong></span> <span class='ocrx_word' id='word_1_92' title='bbox 711 2398 748 2451; x_wconf 91' lang='lat' dir='ltr'><strong>et</strong></span> <span class='ocrx_word' id='word_1_93' title='bbox 759 2380 945 2548; x_wconf 72' lang='lat' dir='ltr'><strong>¹praeclara</strong></span> <span class='ocrx_word' id='word_1_94' title='bbox 967 2380 1059 2455; x_wconf 67' lang='lat' dir='ltr'><strong>sada</strong></span> <span class='ocrx_word' id='word_1_95' title='bbox 1082 2383 1139 2454; x_wconf 90' lang='lat' dir='ltr'><strong>vel</strong></span> <span class='ocrx_word' id='word_1_96' title='bbox 1171 2382 1241 2458; x_wconf 81' lang='lat' dir='ltr'><strong>farta</strong></span> <span class='ocrx_word' id='word_1_97' title='bbox 1274 2408 1416 2471; x_wconf 89' lang='lat' dir='ltr'><strong>eorum,</strong></span> <span class='ocrx_word' id='word_1_98' title='bbox 1459 2385 1499 2457; x_wconf 91' lang='lat' dir='ltr'><strong>in</strong></span> 
     </span>
     <span class='ocr_line' id='line_1_14' title="bbox 282 2473 1501 2574; baseline 0.002 -23"><span class='ocrx_word' id='word_1_99' title='bbox 282 2477 382 2558; x_wconf 90' lang='lat' dir='ltr'><strong>libris</strong></span> <span class='ocrx_word' id='word_1_100' title='bbox 404 2477 461 2549; x_wconf 91' lang='lat' dir='ltr'><strong>Re</strong></span> <span class='ocrx_word' id='word_1_101' title='bbox 510 2499 546 2549; x_wconf 90' lang='lat' dir='ltr'><strong>m</strong></span> <span class='ocrx_word' id='word_1_102' title='bbox 568 2474 757 2572; x_wconf 88' lang='lat' dir='ltr'><strong>praetermi</strong></span> <span class='ocrx_word' id='word_1_103' title='bbox 785 2499 822 2562; x_wconf 86' lang='lat' dir='ltr'><strong>a,</strong></span> <span class='ocrx_word' id='word_1_104' title='bbox 881 2473 993 2550; x_wconf 85' lang='lat' dir='ltr'><strong>rolixe</strong></span> <span class='ocrx_word' id='word_1_105' title='bbox 1018 2496 1222 2567; x_wconf 86' lang='lat' dir='ltr'><strong>narrantur,</strong></span> <span class='ocrx_word' id='word_1_106' title='bbox 1261 2478 1313 2552; x_wconf 91' lang='lat' dir='ltr'><strong>uti</strong></span> <span class='ocrx_word' id='word_1_107' title='bbox 1336 2480 1501 2574; x_wconf 79' lang='lat' dir='ltr'><strong>exempla</strong></span> 
     </span>
     <span class='ocr_line' id='line_1_15' title="bbox 281 2498 1497 2672; baseline -0.002 -23"><span class='ocrx_word' id='word_1_108' title='bbox 281 2571 428 2652; x_wconf 83' lang='lat' dir='ltr'><strong>suntin</strong></span> <span class='ocrx_word' id='word_1_109' title='bbox 488 2570 563 2661; x_wconf 89' lang='lat' dir='ltr'><strong>bia,</strong></span> <span class='ocrx_word' id='word_1_110' title='bbox 602 2571 672 2644; x_wconf 87' lang='lat' dir='ltr'><strong>Asa</strong></span> <span class='ocrx_word' id='word_1_111' title='bbox 695 2590 733 2644; x_wconf 89' lang='lat' dir='ltr'><strong>et</strong></span> <span class='ocrx_word' id='word_1_112' title='bbox 757 2498 968 2667; x_wconf 78' lang='lat' dir='ltr'><strong>Josaphat03</strong></span> <span class='ocrx_word' id='word_1_113' title='bbox 1011 2573 1174 2647; x_wconf 80' lang='lat' dir='ltr'><strong>Manassis</strong></span> <span class='ocrx_word' id='word_1_114' title='bbox 1197 2598 1335 2670; x_wconf 91' lang='lat' dir='ltr'><strong>quoque</strong></span> <span class='ocrx_word' id='word_1_115' title='bbox 1360 2574 1497 2672; x_wconf 82' lang='lat' dir='ltr'><strong>resipis-</strong></span> 
     </span>
     <span class='ocr_line' id='line_1_16' title="bbox 282 2664 1395 2745; baseline -0.008 -1"><span class='ocrx_word' id='word_1_116' title='bbox 282 2666 405 2744; x_wconf 85' lang='lat' dir='ltr'><strong>centia</strong></span> <span class='ocrx_word' id='word_1_117' title='bbox 427 2685 465 2738; x_wconf 90' lang='lat' dir='ltr'><strong>et</strong></span> <span class='ocrx_word' id='word_1_118' title='bbox 490 2664 692 2741; x_wconf 87' lang='lat' dir='ltr'><strong>instauratio</strong></span> <span class='ocrx_word' id='word_1_119' title='bbox 715 2666 753 2740; x_wconf 88' lang='lat' dir='ltr'><strong>in</strong></span> <span class='ocrx_word' id='word_1_120' title='bbox 778 2665 844 2741; x_wconf 86' lang='lat' dir='ltr'><strong>illis</strong></span> <span class='ocrx_word' id='word_1_121' title='bbox 870 2666 949 2741; x_wconf 86' lang='lat' dir='ltr'><strong>solis</strong></span> <span class='ocrx_word' id='word_1_122' title='bbox 972 2669 1129 2745; x_wconf 86' lang='lat' dir='ltr'><strong>traditur.</strong></span> <span class='ocrx_word' id='word_1_123' title='bbox 1392 2729 1395 2735; x_wconf 78' lang='grc'>,</span> 
     </span>
     <span class='ocr_line' id='line_1_17' title="bbox 331 2761 1499 2864; baseline -0.002 -27"><span class='ocrx_word' id='word_1_124' title='bbox 331 2765 363 2864; x_wconf 74' lang='lat'><strong>§-</strong></span> <span class='ocrx_word' id='word_1_125' title='bbox 389 2764 491 2837; x_wconf 90' lang='lat' dir='ltr'><strong>XIV.</strong></span> <span class='ocrx_word' id='word_1_126' title='bbox 532 2761 690 2838; x_wconf 87' lang='lat' dir='ltr'><strong>Historia</strong></span> <span class='ocrx_word' id='word_1_127' title='bbox 713 2762 814 2860; x_wconf 86' lang='lat' dir='ltr'><strong>regni</strong></span> <span class='ocrx_word' id='word_1_128' title='bbox 838 2786 920 2838; x_wconf 90' lang='lat' dir='ltr'><strong>cum</strong></span> <span class='ocrx_word' id='word_1_129' title='bbox 942 2763 985 2837; x_wconf 84' lang='lat' dir='ltr'><strong>stt</strong></span> <span class='ocrx_word' id='word_1_130' title='bbox 1034 2764 1125 2838; x_wconf 89' lang='lat' dir='ltr'><strong>rimo</strong></span> <span class='ocrx_word' id='word_1_131' title='bbox 1150 2767 1252 2851; x_wconf 83' lang='lat' dir='ltr'><strong>uniri,</strong></span> <span class='ocrx_word' id='word_1_132' title='bbox 1295 2762 1378 2836; x_wconf 90' lang='lat' dir='ltr'><strong>dein</strong></span> <span class='ocrx_word' id='word_1_133' title='bbox 1401 2762 1499 2856; x_wconf 70' lang='lat' dir='ltr'><strong>diust</strong></span> 
     </span>
     <span class='ocr_line' id='line_1_18' title="bbox 280 2857 1497 2959; baseline -0.004 -23"><span class='ocrx_word' id='word_1_134' title='bbox 280 2859 437 2946; x_wconf 82' lang='lat' dir='ltr'><strong>induo,</strong></span> <span class='ocrx_word' id='word_1_135' title='bbox 478 2860 537 2930; x_wconf 81' lang='lat' dir='ltr'><strong>illo</strong></span> <span class='ocrx_word' id='word_1_136' title='bbox 560 2880 647 2931; x_wconf 88' lang='lat' dir='ltr'><strong>vero</strong></span> <span class='ocrx_word' id='word_1_137' title='bbox 679 2882 759 2932; x_wconf 91' lang='lat' dir='ltr'><strong>curn</strong></span> <span class='ocrx_word' id='word_1_138' title='bbox 781 2857 855 2934; x_wconf 91' lang='lat' dir='ltr'><strong>vita</strong></span> <span class='ocrx_word' id='word_1_139' title='bbox 886 2879 924 2932; x_wconf 89' lang='lat' dir='ltr'><strong>et</strong></span> <span class='ocrx_word' id='word_1_140' title='bbox 947 2885 993 2959; x_wconf 88' lang='lat' dir='ltr'><strong>ge</strong></span> <span class='ocrx_word' id='word_1_141' title='bbox 1027 2860 1053 2934; x_wconf 83' lang='lat' dir='ltr'><strong>&#39;s</strong></span> <span class='ocrx_word' id='word_1_142' title='bbox 1078 2862 1255 2935; x_wconf 85' lang='lat' dir='ltr'><strong>Salonrom&#39;s</strong></span> <span class='ocrx_word' id='word_1_143' title='bbox 1285 2860 1497 2946; x_wconf 85' lang='lat' dir='ltr'><strong>cohaereat,</strong></span> 
     </span>
     <span class='ocr_line' id='line_1_19' title="bbox 159 2953 1499 3052; baseline -0.001 -21"><span class='ocrx_word' id='word_1_144' title='bbox 159 3003 162 3010; x_wconf 31' lang='grc' dir='ltr'><em>ι</em></span> <span class='ocrx_word' id='word_1_145' title='bbox 280 2957 358 3052; x_wconf 81' lang='lat' dir='ltr'><strong>ejus</strong></span> <span class='ocrx_word' id='word_1_146' title='bbox 373 2953 560 3052; x_wconf 86' lang='lat' dir='ltr'><strong>personae,</strong></span> <span class='ocrx_word' id='word_1_147' title='bbox 585 2953 689 3028; x_wconf 90' lang='lat' dir='ltr'><strong>status</strong></span> <span class='ocrx_word' id='word_1_148' title='bbox 704 2955 828 3050; x_wconf 87' lang='lat' dir='ltr'><strong>regni,</strong></span> <span class='ocrx_word' id='word_1_149' title='bbox 854 2979 1001 3052; x_wconf 84' lang='lat' dir='ltr'><strong>operum</strong></span> <span class='ocrx_word' id='word_1_150' title='bbox 1015 2980 1056 3031; x_wconf 86' lang='lat' dir='ltr'><strong>ae</strong></span> <span class='ocrx_word' id='word_1_151' title='bbox 1075 2954 1308 3043; x_wconf 87' lang='lat' dir='ltr'><strong>celebritatis,</strong></span> <span class='ocrx_word' id='word_1_152' title='bbox 1329 2954 1499 3030; x_wconf 84' lang='lat' dir='ltr'><strong>tradenda</strong></span> 
     </span>
     <span class='ocr_line' id='line_1_20' title="bbox 278 3049 1495 3148; baseline -0.003 -23"><span class='ocrx_word' id='word_1_153' title='bbox 278 3050 338 3125; x_wconf 82' lang='lat' dir='ltr'><strong>est</strong></span> <span class='ocrx_word' id='word_1_154' title='bbox 360 3049 509 3139; x_wconf 88' lang='lat' dir='ltr'><strong>notitia,</strong></span> <span class='ocrx_word' id='word_1_155' title='bbox 533 3049 592 3123; x_wconf 88' lang='lat' dir='ltr'><strong>sed</strong></span> <span class='ocrx_word' id='word_1_156' title='bbox 614 3050 805 3148; x_wconf 88' lang='lat' dir='ltr'><strong>secundum</strong></span> <span class='ocrx_word' id='word_1_157' title='bbox 828 3052 875 3124; x_wconf 93' lang='lat' dir='ltr'><strong>du</strong></span> <span class='ocrx_word' id='word_1_158' title='bbox 900 3051 1005 3129; x_wconf 89' lang='lat' dir='ltr'><strong>licem</strong></span> <span class='ocrx_word' id='word_1_159' title='bbox 1026 3054 1100 3148; x_wconf 90' lang='lat' dir='ltr'><strong>ejus</strong></span> <span class='ocrx_word' id='word_1_160' title='bbox 1147 3050 1326 3139; x_wconf 90' lang='lat' dir='ltr'><strong>eriodum,</strong></span> <span class='ocrx_word' id='word_1_161' title='bbox 1352 3053 1495 3130; x_wconf 80' lang='lat' dir='ltr'><strong>alteram</strong></span> 
     </span>
     <span class='ocr_line' id='line_1_21' title="bbox 280 3077 1495 3243; baseline -0.004 -24"><span class='ocrx_word' id='word_1_162' title='bbox 280 3145 488 3223; x_wconf 84' lang='lat' dir='ltr'><strong>laudabilem</strong></span> <span class='ocrx_word' id='word_1_163' title='bbox 519 3168 560 3218; x_wconf 89' lang='lat' dir='ltr'><strong>ac</strong></span> <span class='ocrx_word' id='word_1_164' title='bbox 591 3145 809 3242; x_wconf 83' lang='lat' dir='ltr'><strong>prosperam,</strong></span> <span class='ocrx_word' id='word_1_165' title='bbox 850 3077 956 3243; x_wconf 68' lang='lat' dir='ltr'><strong>uique</strong></span> <span class='ocrx_word' id='word_1_166' title='bbox 986 3147 1029 3221; x_wconf 92' lang='lat' dir='ltr'><strong>ad</strong></span> <span class='ocrx_word' id='word_1_167' title='bbox 1058 3078 1188 3243; x_wconf 75' lang='lat' dir='ltr'><strong>lapiiun</strong></span> <span class='ocrx_word' id='word_1_168' title='bbox 1218 3149 1312 3242; x_wconf 85' lang='lat' dir='ltr'><strong>ejus,</strong></span> <span class='ocrx_word' id='word_1_169' title='bbox 1351 3151 1495 3223; x_wconf 76' lang='lat' dir='ltr'><strong>alterum</strong></span> 
     </span>
     <span class='ocr_line' id='line_1_22' title="bbox 279 3240 1496 3339; baseline -0.005 -21"><span class='ocrx_word' id='word_1_170' title='bbox 279 3240 513 3319; x_wconf 86' lang='lat' dir='ltr'><strong>damnandam</strong></span> <span class='ocrx_word' id='word_1_171' title='bbox 532 3264 574 3312; x_wconf 90' lang='lat' dir='ltr'><strong>ac</strong></span> <span class='ocrx_word' id='word_1_172' title='bbox 593 3242 834 3316; x_wconf 87' lang='lat' dir='ltr'><strong>turbulentam.</strong></span> <span class='ocrx_word' id='word_1_173' title='bbox 883 3243 941 3316; x_wconf 90' lang='lat' dir='ltr'><strong>Ad</strong></span> <span class='ocrx_word' id='word_1_174' title='bbox 959 3243 1127 3339; x_wconf 78' lang='lat' dir='ltr'><strong>personam</strong></span> <span class='ocrx_word' id='word_1_175' title='bbox 1150 3262 1187 3315; x_wconf 92' lang='lat' dir='ltr'><strong>et</strong></span> <span class='ocrx_word' id='word_1_176' title='bbox 1203 3242 1404 3338; x_wconf 87' lang='lat' dir='ltr'><strong>qualitates,</strong></span> <span class='ocrx_word' id='word_1_177' title='bbox 1429 3241 1496 3313; x_wconf 90' lang='lat' dir='ltr'><strong>do-</strong></span> 
     </span>
     <span class='ocr_line' id='line_1_23' title="bbox 277 3335 1502 3505; baseline -0.005 -91"><span class='ocrx_word' id='word_1_178' title='bbox 277 3340 424 3449; x_wconf 72' lang='lat' dir='ltr'><strong>tesque,</strong></span> <span class='ocrx_word' id='word_1_179' title='bbox 447 3335 485 3409; x_wconf 90' lang='lat' dir='ltr'><strong>in</strong></span> <span class='ocrx_word' id='word_1_180' title='bbox 501 3335 620 3432; x_wconf 88' lang='lat' dir='ltr'><strong>priore</strong></span> <span class='ocrx_word' id='word_1_181' title='bbox 636 3336 803 3434; x_wconf 89' lang='lat' dir='ltr'><strong>periodo,</strong></span> <span class='ocrx_word' id='word_1_182' title='bbox 830 3338 986 3434; x_wconf 85' lang='lat' dir='ltr'><strong>pertinet</strong></span> <span class='ocrx_word' id='word_1_183' title='bbox 1009 3339 1084 3505; x_wconf 50' lang='lat' dir='ltr'><strong>edus</strong></span> <span class='ocrx_word' id='word_1_184' title='bbox 1100 3338 1270 3434; x_wconf 84' lang='lat' dir='ltr'><strong>sapientia</strong></span> <span class='ocrx_word' id='word_1_185' title='bbox 1294 3339 1330 3410; x_wconf 91' lang='lat' dir='ltr'><strong>in</strong></span> <span class='ocrx_word' id='word_1_186' title='bbox 1348 3337 1502 3435; x_wconf 79' lang='lat' dir='ltr'><strong>primis,</strong></span> 
     </span>
     <span class='ocr_line' id='line_1_24' title="bbox 256 3432 1492 3534; baseline -0.006 -23"><span class='ocrx_word' id='word_1_187' title='bbox 256 3434 416 3534; x_wconf 66' lang='lat' dir='ltr'><strong>‘justitia</strong></span> <span class='ocrx_word' id='word_1_188' title='bbox 446 3452 484 3506; x_wconf 89' lang='lat' dir='ltr'><strong>et</strong></span> <span class='ocrx_word' id='word_1_189' title='bbox 508 3432 620 3531; x_wconf 84' lang='lat' dir='ltr'><strong>pietas</strong></span> <span class='ocrx_word' id='word_1_190' title='bbox 650 3455 733 3529; x_wconf 89' lang='lat' dir='ltr'><strong>erga</strong></span> <span class='ocrx_word' id='word_1_191' title='bbox 755 3434 892 3525; x_wconf 88' lang='lat' dir='ltr'><strong>Deum,</strong></span> <span class='ocrx_word' id='word_1_192' title='bbox 935 3435 995 3506; x_wconf 91' lang='lat' dir='ltr'><strong>seu</strong></span> <span class='ocrx_word' id='word_1_193' title='bbox 1049 3433 1167 3507; x_wconf 91' lang='lat' dir='ltr'><strong>udium</strong></span> <span class='ocrx_word' id='word_1_194' title='bbox 1190 3434 1321 3532; x_wconf 86' lang='lat' dir='ltr'><strong>gloriae</strong></span> <span class='ocrx_word' id='word_1_195' title='bbox 1344 3433 1417 3507; x_wconf 90' lang='lat' dir='ltr'><strong>Dei</strong></span> <span class='ocrx_word' id='word_1_196' title='bbox 1449 3454 1492 3505; x_wconf 90' lang='lat' dir='ltr'><strong>ac</strong></span> 
     </span>
     <span class='ocr_line' id='line_1_25' title="bbox 273 3527 1493 3627; baseline -0.004 -22"><span class='ocrx_word' id='word_1_197' title='bbox 273 3528 466 3627; x_wconf 71' lang='lat' dir='ltr'><strong>religionis</strong></span> <span class='ocrx_word' id='word_1_198' title='bbox 498 3527 714 3603; x_wconf 83' lang='lat' dir='ltr'><strong>exercendae</strong></span> <span class='ocrx_word' id='word_1_199' title='bbox 745 3553 792 3601; x_wconf 92' lang='lat' dir='ltr'><strong>ac</strong></span> <span class='ocrx_word' id='word_1_200' title='bbox 811 3531 1084 3624; x_wconf 85' lang='lat' dir='ltr'><strong>promovendae.</strong></span> <span class='ocrx_word' id='word_1_201' title='bbox 1132 3534 1189 3603; x_wconf 94' lang='lat' dir='ltr'><strong>De</strong></span> <span class='ocrx_word' id='word_1_202' title='bbox 1205 3532 1370 3626; x_wconf 80' lang='lat' dir='ltr'><strong>sapientia</strong></span> <span class='ocrx_word' id='word_1_203' title='bbox 1394 3531 1493 3624; x_wconf 80' lang='lat' dir='ltr'><strong>ejus,</strong></span> 
     </span>
     <span class='ocr_line' id='line_1_26' title="bbox 277 3621 1493 3725; baseline -0.002 -25"><span class='ocrx_word' id='word_1_204' title='bbox 277 3649 386 3725; x_wconf 84' lang='lat' dir='ltr'><strong>quam</strong></span> <span class='ocrx_word' id='word_1_205' title='bbox 409 3627 508 3698; x_wconf 87' lang='lat' dir='ltr'><strong>Deus</strong></span> <span class='ocrx_word' id='word_1_206' title='bbox 529 3624 593 3720; x_wconf 87' lang='lat' dir='ltr'><strong>ipsr</strong></span> <span class='ocrx_word' id='word_1_207' title='bbox 617 3623 656 3698; x_wconf 92' lang='lat' dir='ltr'><strong>in</strong></span> <span class='ocrx_word' id='word_1_208' title='bbox 679 3621 813 3698; x_wconf 79' lang='lat' dir='ltr'><strong>visione</strong></span> <span class='ocrx_word' id='word_1_209' title='bbox 839 3625 1008 3699; x_wconf 67' lang='lat' dir='ltr'><strong>nocturna</strong></span> <span class='ocrx_word' id='word_1_210' title='bbox 1031 3625 1255 3722; x_wconf 90' lang='lat' dir='ltr'><strong>promiserat,</strong></span> <span class='ocrx_word' id='word_1_211' title='bbox 1281 3625 1493 3723; x_wconf 86' lang='lat' dir='ltr'><strong>magnifice,</strong></span> 
     </span>
     <span class='ocr_line' id='line_1_27' title="bbox 275 3717 1489 3818; baseline -0.004 -20"><span class='ocrx_word' id='word_1_212' title='bbox 275 3742 323 3798; x_wconf 77' lang='lat' dir='ltr'><strong>ct</strong></span> <span class='ocrx_word' id='word_1_213' title='bbox 345 3741 444 3793; x_wconf 92' lang='lat' dir='ltr'><strong>more</strong></span> <span class='ocrx_word' id='word_1_214' title='bbox 469 3717 634 3808; x_wconf 87' lang='lat' dir='ltr'><strong>orientis,</strong></span> <span class='ocrx_word' id='word_1_215' title='bbox 672 3721 827 3817; x_wconf 91' lang='lat' dir='ltr'><strong>loquitur</strong></span> <span class='ocrx_word' id='word_1_216' title='bbox 859 3719 1076 3808; x_wconf 85' lang='lat' dir='ltr'><strong>Historicus,</strong></span> <span class='ocrx_word' id='word_1_217' title='bbox 1121 3746 1136 3794; x_wconf 93' lang='lat'>1</span> <span class='ocrx_word' id='word_1_218' title='bbox 1158 3723 1250 3818; x_wconf 87' lang='lat' dir='ltr'><strong>Reg.</strong></span> <span class='ocrx_word' id='word_1_219' title='bbox 1276 3723 1327 3795; x_wconf 88' lang='lat' dir='ltr'><strong>V:</strong></span> <span class='ocrx_word' id='word_1_220' title='bbox 1351 3744 1489 3813; x_wconf 90' lang='lat'><strong>9-14.</strong></span> 
     </span>
     <span class='ocr_line' id='line_1_28' title="bbox 275 3814 1491 3915; baseline -0.007 -19"><span class='ocrx_word' id='word_1_221' title='bbox 275 3818 356 3896; x_wconf 83' lang='lat' dir='ltr'><strong>Ubi</strong></span> <span class='ocrx_word' id='word_1_222' title='bbox 387 3838 417 3890; x_wconf 90' lang='lat'><strong>1.</strong></span> <span class='ocrx_word' id='word_1_223' title='bbox 444 3817 616 3911; x_wconf 72' lang='lat' dir='ltr'><strong>atriplitudo</strong></span> <span class='ocrx_word' id='word_1_224' title='bbox 642 3822 755 3888; x_wconf 81' lang='lat' dir='ltr'><strong>cordis·</strong></span> <span class='ocrx_word' id='word_1_225' title='bbox 779 3822 850 3915; x_wconf 81' lang='lat' dir='ltr'><strong>ejus</strong></span> <span class='ocrx_word' id='word_1_226' title='bbox 883 3815 1014 3891; x_wconf 89' lang='lat' dir='ltr'><strong>dicitur</strong></span> <span class='ocrx_word' id='word_1_227' title='bbox 1045 3814 1148 3910; x_wconf 82' lang='lat' dir='ltr'><strong>instar</strong></span> <span class='ocrx_word' id='word_1_228' title='bbox 1179 3842 1299 3889; x_wconf 84' lang='lat' dir='ltr'><strong>urenae</strong></span> <span class='ocrx_word' id='word_1_229' title='bbox 1331 3823 1374 3890; x_wconf 84' lang='lat' dir='ltr'><strong>ad</strong></span> <span class='ocrx_word' id='word_1_230' title='bbox 1395 3820 1491 3888; x_wconf 82' lang='lat' dir='ltr'><strong>littus</strong></span> 
     </span>
    </p>
   </div>
   <div class='ocr_carea' id='block_1_3' title="bbox 274 3908 1490 4200">
    <p class='ocr_par' dir='ltr' id='par_1_3' title="bbox 274 3908 1490 4200">
     <span class='ocr_line' id='line_1_29' title="bbox 278 3908 1490 4002; baseline -0.007 -11"><span class='ocrx_word' id='word_1_231' title='bbox 278 3918 404 3999; x_wconf 80' lang='lat' dir='ltr'><strong>moris,</strong></span> <span class='ocrx_word' id='word_1_232' title='bbox 430 3911 466 3984; x_wconf 92' lang='lat' dir='ltr'><strong>h.</strong></span> <span class='ocrx_word' id='word_1_233' title='bbox 493 3935 524 3984; x_wconf 92' lang='lat' dir='ltr'><strong>e.</strong></span> <span class='ocrx_word' id='word_1_234' title='bbox 551 3908 699 3982; x_wconf 87' lang='lat' dir='ltr'><strong>latitudo</strong></span> <span class='ocrx_word' id='word_1_235' title='bbox 723 3914 838 3988; x_wconf 89' lang='lat' dir='ltr'><strong>cordis</strong></span> <span class='ocrx_word' id='word_1_236' title='bbox 862 3933 977 4002; x_wconf 86' lang='lat' dir='ltr'><strong>tanta,</strong></span> <span class='ocrx_word' id='word_1_237' title='bbox 1002 3933 1041 3986; x_wconf 93' lang='lat' dir='ltr'><strong>ut</strong></span> <span class='ocrx_word' id='word_1_238' title='bbox 1055 3936 1096 3985; x_wconf 89' lang='lat' dir='ltr'><strong>ca</strong></span> <span class='ocrx_word' id='word_1_239' title='bbox 1121 3911 1169 3986; x_wconf 89' lang='lat' dir='ltr'><strong>iat</strong></span> <span class='ocrx_word' id='word_1_240' title='bbox 1191 3915 1318 4002; x_wconf 89' lang='lat' dir='ltr'><strong>multa,</strong></span> <span class='ocrx_word' id='word_1_241' title='bbox 1344 3915 1403 3986; x_wconf 90' lang='lat' dir='ltr'><strong>seu</strong></span> <span class='ocrx_word' id='word_1_242' title='bbox 1419 3931 1490 3983; x_wconf 91' lang='lat' dir='ltr'><strong>tam</strong></span> 
     </span>
     <span class='ocr_line' id='line_1_30' title="bbox 274 3938 1490 4177; baseline -0.004 -91"><span class='ocrx_word' id='word_1_243' title='bbox 274 4013 410 4114; x_wconf 71' lang='lat' dir='ltr'><strong>multa,</strong></span> <span class='ocrx_word' id='word_1_244' title='bbox 452 4024 492 4078; x_wconf 90' lang='lat' dir='ltr'><strong>ut</strong></span> <span class='ocrx_word' id='word_1_245' title='bbox 515 4007 800 4114; x_wconf 29' lang='lat' dir='ltr'><strong>cumuarenailla</strong></span> <span class='ocrx_word' id='word_1_246' title='bbox 823 4007 1018 4177; x_wconf 71' lang='lat' dir='ltr'><strong>comparari</strong></span> <span class='ocrx_word' id='word_1_247' title='bbox 1036 3938 1149 4118; x_wconf 74' lang='lat' dir='ltr'><strong>politt.</strong></span> <span class='ocrx_word' id='word_1_248' title='bbox 1198 4010 1348 4116; x_wconf 79' lang='lat' dir='ltr'><strong>Animus</strong></span> <span class='ocrx_word' id='word_1_249' title='bbox 1371 4008 1490 4102; x_wconf 85' lang='lat' dir='ltr'><strong>itaque</strong></span> 
     </span>
     <span class='ocr_line' id='line_1_31' title="bbox 275 4099 1488 4200; baseline -0.004 -21"><span class='ocrx_word' id='word_1_250' title='bbox 275 4101 538 4200; x_wconf 81' lang='lat' dir='ltr'><strong>capacrffimus,</strong></span> <span class='ocrx_word' id='word_1_251' title='bbox 572 4099 651 4171; x_wconf 83' lang='lat' dir='ltr'><strong>strlo</strong></span> <span class='ocrx_word' id='word_1_252' title='bbox 684 4107 865 4193; x_wconf 88' lang='lat' dir='ltr'><strong>orrentah,</strong></span> <span class='ocrx_word' id='word_1_253' title='bbox 923 4106 1124 4194; x_wconf 85' lang='lat' dir='ltr'><strong>escnbrtur,</strong></span> <span class='ocrx_word' id='word_1_254' title='bbox 1157 4107 1200 4180; x_wconf 88' lang='lat' dir='ltr'><strong>ad</strong></span> <span class='ocrx_word' id='word_1_255' title='bbox 1225 4129 1367 4200; x_wconf 79' lang='lat' dir='ltr'><strong>quaevis</strong></span> <span class='ocrx_word' id='word_1_256' title='bbox 1391 4128 1488 4176; x_wconf 93' lang='lat' dir='ltr'><strong>com·</strong></span> 
     </span>
    </p>
   </div>
   <div class='ocr_carea' id='block_1_4' title="bbox 212 4194 1502 4764">
    <p class='ocr_par' dir='ltr' id='par_1_4' title="bbox 212 4194 1502 4764">
     <span class='ocr_line' id='line_1_32' title="bbox 212 4194 1487 4306; baseline 0.001 -35"><span class='ocrx_word' id='word_1_257' title='bbox 212 4284 217 4306; x_wconf 24' lang='lat' dir='ltr'>N</span> <span class='ocrx_word' id='word_1_258' title='bbox 275 4196 532 4300; x_wconf 85' lang='lat' dir='ltr'><strong>prehendenda</strong></span> <span class='ocrx_word' id='word_1_259' title='bbox 555 4213 594 4267; x_wconf 89' lang='lat' dir='ltr'><strong>et</strong></span> <span class='ocrx_word' id='word_1_260' title='bbox 618 4194 802 4269; x_wconf 89' lang='lat' dir='ltr'><strong>retinenda</strong></span> <span class='ocrx_word' id='word_1_261' title='bbox 824 4219 944 4294; x_wconf 89' lang='lat' dir='ltr'><strong>aptus,</strong></span> <span class='ocrx_word' id='word_1_262' title='bbox 972 4199 1067 4272; x_wconf 81' lang='lat' dir='ltr'><strong>simul</strong></span> <span class='ocrx_word' id='word_1_263' title='bbox 1089 4198 1233 4275; x_wconf 85' lang='lat' dir='ltr'><strong>scientia</strong></span> <span class='ocrx_word' id='word_1_264' title='bbox 1256 4199 1487 4287; x_wconf 82' lang='lat' dir='ltr'><strong>diffusrllima,</strong></span> 
     </span>
     <span class='ocr_line' id='line_1_33' title="bbox 275 4289 1502 4389; baseline -0.003 -17"><span class='ocrx_word' id='word_1_265' title='bbox 275 4320 322 4373; x_wconf 82' lang='lat' dir='ltr'><strong>ac</strong></span> <span class='ocrx_word' id='word_1_266' title='bbox 344 4292 514 4367; x_wconf 88' lang='lat' dir='ltr'><strong>memoria</strong></span> <span class='ocrx_word' id='word_1_267' title='bbox 538 4289 768 4381; x_wconf 87' lang='lat' dir='ltr'><strong>tenaciffima,</strong></span> <span class='ocrx_word' id='word_1_268' title='bbox 794 4317 860 4389; x_wconf 87' lang='lat' dir='ltr'><strong>qua</strong></span> <span class='ocrx_word' id='word_1_269' title='bbox 883 4314 1001 4368; x_wconf 89' lang='lat' dir='ltr'><strong>totae</strong></span> <span class='ocrx_word' id='word_1_270' title='bbox 1026 4315 1120 4369; x_wconf 88' lang='lat' dir='ltr'><strong>tauta</strong></span> <span class='ocrx_word' id='word_1_271' title='bbox 1144 4314 1282 4384; x_wconf 88' lang='lat' dir='ltr'><strong>teneat,</strong></span> <span class='ocrx_word' id='word_1_272' title='bbox 1309 4316 1348 4368; x_wconf 91' lang='lat' dir='ltr'><strong>ut</strong></span> <span class='ocrx_word' id='word_1_273' title='bbox 1365 4319 1502 4369; x_wconf 50' lang='lat' dir='ltr'><strong>numea-</strong></span> 
     </span>
     <span class='ocr_line' id='line_1_34' title="bbox 275 4387 1487 4486; baseline -0.001 -22"><span class='ocrx_word' id='word_1_274' title='bbox 275 4391 348 4470; x_wconf 81' lang='lat' dir='ltr'><strong>rari</strong></span> <span class='ocrx_word' id='word_1_275' title='bbox 373 4412 445 4462; x_wconf 86' lang='lat' dir='ltr'><strong>uon</strong></span> <span class='ocrx_word' id='word_1_276' title='bbox 469 4387 579 4486; x_wconf 86' lang='lat' dir='ltr'><strong>magis</strong></span> <span class='ocrx_word' id='word_1_277' title='bbox 604 4406 750 4483; x_wconf 90' lang='lat' dir='ltr'><strong>queant,</strong></span> <span class='ocrx_word' id='word_1_278' title='bbox 786 4413 888 4484; x_wconf 90' lang='lat' dir='ltr'><strong>quam</strong></span> <span class='ocrx_word' id='word_1_279' title='bbox 911 4416 1029 4465; x_wconf 82' lang='lat' dir='ltr'><strong>arenae</strong></span> <span class='ocrx_word' id='word_1_280' title='bbox 1056 4391 1185 4464; x_wconf 89' lang='lat' dir='ltr'><strong>littoris</strong></span> <span class='ocrx_word' id='word_1_281' title='bbox 1207 4390 1319 4465; x_wconf 91' lang='lat' dir='ltr'><strong>maris.</strong></span> <span class='ocrx_word' id='word_1_282' title='bbox 1370 4414 1402 4465; x_wconf 88' lang='lat'><strong>2.</strong></span> <span class='ocrx_word' id='word_1_283' title='bbox 1429 4391 1487 4464; x_wconf 90' lang='lat' dir='ltr'><strong>Ad</strong></span> 
     </span>
     <span class='ocr_line' id='line_1_35' title="bbox 275 4482 1487 4589; baseline -0.001 -28"><span class='ocrx_word' id='word_1_284' title='bbox 275 4486 560 4589; x_wconf 87' lang='lat' dir='ltr'><strong>praecellentiam</strong></span> <span class='ocrx_word' id='word_1_285' title='bbox 583 4482 772 4582; x_wconf 86' lang='lat' dir='ltr'><strong>sapientiae</strong></span> <span class='ocrx_word' id='word_1_286' title='bbox 795 4486 870 4581; x_wconf 87' lang='lat' dir='ltr'><strong>ejus</strong></span> <span class='ocrx_word' id='word_1_287' title='bbox 892 4487 1124 4561; x_wconf 83' lang='lat' dir='ltr'><strong>extollendam</strong></span> <span class='ocrx_word' id='word_1_288' title='bbox 1146 4489 1370 4582; x_wconf 77' lang='lat' dir='ltr'><strong>comparatio</strong></span> <span class='ocrx_word' id='word_1_289' title='bbox 1387 4487 1487 4560; x_wconf 88' lang='lat' dir='ltr'><strong>insti·</strong></span> 
     </span>
     <span class='ocr_line' id='line_1_36' title="bbox 276 4578 1493 4686; baseline -0.006 -23"><span class='ocrx_word' id='word_1_290' title='bbox 276 4586 409 4676; x_wconf 73' lang='lat' dir='ltr'><strong>utitur,</strong></span> <span class='ocrx_word' id='word_1_291' title='bbox 426 4581 654 4680; x_wconf 59' lang='lat' dir='ltr'><strong>priamum</strong></span> <span class='ocrx_word' id='word_1_292' title='bbox 661 4578 801 4681; x_wconf 82' lang='lat' dir='ltr'><strong>populis</strong></span> <span class='ocrx_word' id='word_1_293' title='bbox 810 4581 1059 4676; x_wconf 88' lang='lat' dir='ltr'><strong>orientalibus,</strong></span> <span class='ocrx_word' id='word_1_294' title='bbox 1075 4582 1337 4686; x_wconf 79' lang='lat' dir='ltr'><strong>etAEgyptiis,</strong></span> <span class='ocrx_word' id='word_1_295' title='bbox 1354 4582 1493 4683; x_wconf 78' lang='lat' dir='ltr'><strong>quippe</strong></span> 
     </span>
     <span class='ocr_line' id='line_1_37' title="bbox 278 4696 1494 4764; baseline 0.002 -12"><span class='ocrx_word' id='word_1_296' title='bbox 278 4717 338 4752; x_wconf 63' lang='grc' dir='ltr'>ι...</span> <span class='ocrx_word' id='word_1_297' title='bbox 377 4753 388 4764; x_wconf 78' lang='grc'><strong><em>,</em></strong></span> <span class='ocrx_word' id='word_1_298' title='bbox 833 4729 856 4741; x_wconf 51' lang='grc'><strong>«.</strong></span> <span class='ocrx_word' id='word_1_299' title='bbox 1048 4696 1053 4704; x_wconf 70' lang='grc'><strong>’</strong></span> <span class='ocrx_word' id='word_1_300' title='bbox 1282 4735 1288 4748; x_wconf 86' lang='grc'><strong>.</strong></span> <span class='ocrx_word' id='word_1_301' title='bbox 1400 4696 1494 4754; x_wconf 72' lang='lat' dir='ltr'><strong>sitne·</strong></span> 
     </span>
    </p>
   </div>
   <div class='ocr_carea' id='block_1_5' title="bbox 0 0 1792 5884">
    <p class='ocr_par' dir='ltr' id='par_1_5' title="bbox 0 0 1792 5884">
     <span class='ocr_line' id='line_1_38' title="bbox 0 0 1792 5884; baseline 0 4"><span class='ocrx_word' id='word_1_302' title='bbox 0 0 1792 5884; x_wconf 95' lang='lat' dir='ltr'><strong> </strong></span> 
     </span>
    </p>
   </div>
  </div>
 </body>
</html>
