3575 5884
832 704 981 780 Stlreruae.
1445 698 1517 802 5⁷97

284 886 338 962 tia
361 880 537 973 instituit,
571 879 693 955 urbem
717 880 873 957 reddidit
897 876 1161 983 Septi-collem,
1187 879 1370 961 viminali·
1385 902 1423 961 et
1444 888 1507 966 Es·

282 980 428 1079 quilino
457 975 613 1075 adjedlis.
661 977 720 1051 De
757 978 904 1071 Tuscis,
949 981 1155 1079 quibuscum
1190 981 1374 1057 vicennale
1429 985 1508 1059 effit

280 1078 443 1166 belum,
485 1094 542 1147 ter
571 1071 676 1148 trium
701 1073 812 1150 havit.
860 1079 1029 1176 Denique
1061 1074 1207 1152 scelesto
1230 1077 1388 1153 facinore
1450 1092 1505 1153 ar·

280 1170 407 1275 quirrii
434 1167 577 1267 generi,
607 1189 645 1243 et
666 1098 812 1244 derviae
835 1171 930 1247 filiae
955 1172 1086 1272 periit,
1118 1196 1198 1249 curn
1225 1172 1397 1272 regnallet
1422 1194 1503 1251 ann.

278 1292 350 1365 45.
400 1289 436 1361 7.
455 1266 652 1362 Septimus,
677 1284 714 1338 et
731 1266 890 1357 ultimus,
916 1292 981 1345 rex
1002 1269 1194 1365 Tarquinius
1211 1271 1374 1367 Superbus
1392 1271 1504 1344 Tem·

278 1370 411 1468 plum,
438 1362 592 1439 aPrisco
609 1361 835 1453 inchoatum,
862 1365 1037 1459 perfecit,
1063 1366 1167 1462 Jovi,
1197 1365 1351 1460 Junoni,
1375 1385 1413 1441 et
1428 1365 1505 1443 Mi·

278 1482 425 1541 nervae
440 1457 595 1547 sacrum,
619 1458 765 1533 nomine
783 1462 934 1554 Capitolii
957 1462 1181 1570 insignitum,
1208 1462 1299 1557 quasi
1315 1483 1440 1557 caput,
1466 1482 1505 1540 et

280 1555 523 1660 praecipuum
548 1551 703 1631 Romani
729 1554 858 1652 inperii
889 1559 1119 1652 praefidrum3
1154 1557 1247 1652 quod
1272 1555 1401 1630 deiude
1425 1563 1513 1634 Ho-

281 1653 403 1731 ratius
436 1649 601 1723 Pulvillus
630 1650 755 1724 Consul
785 1650 975 1727 dedicavit.
1022 1652 1090 1726 Sed
1125 1673 1205 1725 cum
1220 1652 1350 1725 -Patres
1385 1656 1505 1749 oppri-

282 1764 427 1837 meret,
451 1748 618 1821 Senatum
644 1743 840 1837 minueret,
876 1767 914 1821 et
941 1767 1127 1845 tyrannum
1150 1766 1290 1845 ageret,
1323 1749 1507 1825 occasione

282 1842 427 1942 stupri,
464 1839 653 1915 Lucretiae
677 1865 697 1915 a
722 1841 813 1916 Filio
834 1842 1022 1936 intentati,
1055 1865 1167 1941 regno
1193 1860 1231 1919 et
1257 1843 1343 1917 urbe
1367 1842 1510 1923 exactus

288 1941 366 2032 est,
392 1960 474 2013 cum
498 1935 673 2032 regnasset
695 1958 776 2011 ann.
805 1959 862 2028 25.

292 2098 296 2109 .
335 2025 600 2137 §.'DLXXIV.
626 2034 767 2129 Incepit
790 2055 874 2109 tuuc
888 2032 994 2109 status
1017 2035 1148 2110 liberae
1165 2034 1419 2135 Reipublicae,
1443 2036 1506 2148 qui

286 2154 374 2215 anu.
399 2151 475 2221 450
499 2126 658 2220 duravit,
683 2127 742 2204 sed
768 2129 869 2206 vario
884 2131 1003 2206 modo,
1052 2134 1095 2204 In
1119 2134 1298 2230 principio
1323 2132 1393 2207 fuit
1408 2133 1507 2208 Arrs·

286 2226 510 2317 socraticus,
538 2248 618 2299 curn
638 2246 749 2322 penes
772 2227 865 2300 solos
886 2225 1057 2300 Patricius
1082 2227 1215 2302 summa
1240 2229 1326 2302 esset
1352 2228 1507 2326 inperii:

291 2326 377 2402 tlein
385 2322 521 2396 formae
535 2319 689 2410 mixtae,
707 2321 1088 2396 veletDemocraticus
1100 2321 1151 2395 est
1168 2323 1297 2413 faetus,
1316 2324 1413 2420 cujus
1428 2324 1508 2400 sun-

291 2422 458 2497 darnenta
470 2416 562 2513 jecit
577 2415 761 2506 Valerius,
785 2416 966 2514 Poplicola
983 2417 1065 2493 ideo
1083 2417 1217 2510 dietus,
1240 2420 1318 2517 J'ure
1335 2429 1508 2517 provoca·

293 2515 405 2592 tionis
427 2513 472 2587 ad
495 2514 635 2610 plebem
659 2511 882 2601 introdudl03
907 2512 1136 2588 confirmatus
1160 2538 1248 2589 vero
1273 2513 1344 2607 est,
1370 2508 1508 2614 quandd

321 2612 481 2722 roprium
496 2606 765 2705 Magistratum,
782 2607 822 2682 in
837 2606 1008 2684 Tribunis
1024 2608 1156 2708 plebis,
1182 2612 1324 2708 accepit
1339 2615 1508 2712 populust

292 2639 379 2785 dem
404 2728 449 2780 ue
476 2705 519 2779 ad
542 2705 711 2778 summum
743 2704 867 2797 venit,
909 2729 1015 2801 quum
1047 2706 1146 2801 plebs
1173 2707 1333 2781 Patriciis
1357 2708 1511 2787 honores

292 2732 501 2882 condamus
540 2820 578 2874 et
608 2800 813 2875 Distaturae
845 2799 1003 2878 extorsit.
1050 2803 1146 2876 Deni
1172 2828 1215 2878 ue
1249 2802 1434 2900 postremis
1469 2809 1509 2881 li··

294 2898 444 2979 bertatis
469 2894 588 2985 annis,
628 2897 763 2992 aSylla
796 2894 840 2970 ad
863 2896 1063 2989 Caesarem,
1104 2826 1215 2972 sadus
1238 2898 1289 2976 est
1313 2897 1510 2993 Oligarclii·

293 3022 380 3086 eus,
404 3017 484 3068 cum
511 2991 613 3087 pauci
644 3015 665 3064 e
691 2993 848 3065 Patribus
872 2992 1037 3067 summam
1063 3011 1261 3067 tenuerunt.
1308 2994 1507 3071 Recensea-

294 3118 372 3171 mus
396 3112 490 3164 nunc
517 3089 604 3160 bella
619 3087 738 3184 populi
757 3087 932 3178 Romani,
958 3111 1090 3185 quem,
1109 3112 1197 3160 vero
1213 3088 1286 3163 suo.
1299 3088 1509 3187 conspediut

295 3188 471 3267 Martium
494 3184 666 3279 adpellare
697 3183 803 3272 licet,
843 3182 1022 3278 postquam
1051 3182 1277 3281 Magistratus
1301 3183 1375 3279 ejus
1397 3192 1510 3263 verbo

295 3279 581 3367 indicaverimus.
615 3282 790 3367 Fuerunt,
811 3299 952 3374 practer
967 3283 1151 3370 Senatum,
1172 3278 1351 3354 Ordinarii
1366 3284 1421 3356 vel
1439 3285 1509 3359 Ex·

292 3375 533 3457 traordinarii.
568 3374 747 3451 Ordinarii
776 3399 806 3447 1.
832 3375 997 3448 Consules
1013 3374 1088 3449 bini
1114 3374 1241 3462 annui,
1268 3377 1327 3473 qui
1344 3379 1509 3456 summam

294 3475 397 3553 'domi
425 3493 463 3547 et
480 3471 566 3548 foris
592 3475 759 3544 tenebant
785 3492 817 3541 a.
844 3470 1013 3544 Censores
1027 3471 1118 3562 duo,
1143 3471 1304 3567 magistri·
1321 3498 1456 3548 morum
1471 3495 1510 3550 et

294 3571 523 3668 disciplinae,
563 3591 604 3640 ac
627 3566 863 3640 aestimatores
889 3566 1100 3641 facultatum.
1151 3590 1183 3662 3.
1209 3569 1408 3659 Praetores,
1437 3572 1512 3667 'qui

295 3668 439 3745 civibus
467 3685 504 3738 et
539 3662 736 3760 peregrinis
765 3660 821 3754 jus
850 3661 1033 3753 dicebant,
1075 3659 1229 3739 distincti
1261 3683 1445 3760 propterea
1472 3666 1510 3744 in

297 3768 447 3841 urbanos
472 3782 509 3833 et
560 3759 750 3851 eregrinos.
797 3778 832 3844 4.
859 3755 1068 3858 Quaellores
1095 3759 1214 3837 urbani
1239 3759 1328 3847 duo,
1369 3764 1429 3856 qui
1451 3788 1508 3837 ae·

295 3861 382 3939 rarii
408 3882 448 3933 ac
471 3881 516 3932 ve
556 3855 696 3951 igalium
723 3875 839 3925 curam
864 3857 1044 3949 gerebant.
1097 3879 1131 3946 5.
1155 3851 1325 3944 AEdiles,
1360 3858 1418 3951 qui
1445 3883 1509 3952 pu·

294 3958 388 4037 blica
413 3974 451 4028 et
470 3953 607 4049 privata
632 3947 791 4022 aedificia
816 3951 1002 4045 cauabant,
1029 3972 1066 4026 et
1086 3950 1171 4024 ludis
1199 3972 1393 4042 praeerant.
1440 3956 1511 4030 Ex·

297 4048 520 4130 traordinarii
539 4049 699 4131 fuerunt,
737 4070 767 4118 r.
793 4044 979 4140 Distatom
1003 4068 1193 4145 paucorum
1219 4046 1408 4136 mensium,
1434 4051 1511 4126 sub·

294 4148 380 4249 lude
407 4145 565 4239 dierum,
609 4143 773 4220 tuurultus
799 4137 960 4229 sedandi,
1003 4160 1061 4219 aut
1083 4139 1138 4221 rei
1159 4140 1354 4242 gerendae,
1393 4146 1517 4243 causa,

856 4235 998 4343 dfffss
1097 4294 1100 4301 ·
1463 4268 1516 4347 ssa
