3575 5884
292 1053 363 1144 588
645 1033 792 1137 sdfloria
814 1033 1114 1137 EcclesnsttceV.
1142 1037 1182 1119 Τ.

291 1222 460 1325 gionibus
492 1221 595 1297 valde
620 1215 754 1305 crevit,
775 1214 928 1313 ipsique
954 1215 1111 1296 feliciter
1140 1221 1330 1301 admodum
1362 1248 1503 1331 egemus

290 1345 358 1421 per
381 1343 492 1395 annos
519 1313 734 1416 quindecim:
803 1311 919 1386 uando
943 1312 987 1388 ad
1013 1315 1185 1391 luxuriam
1211 1324 1375 1398 conversi
1399 1347 1435 1402 et
1455 1331 1498 1403 su·

319 1417 474 1506 erbiam,
516 1438 556 1489 ac
580 1408 757 1484 discordes
817 1405 884 1498 sti,
925 1407 989 1483 stbi
1014 1410 1165 1488 exitium
1218 1439 1433 1513 epererunt,
1465 1444 1498 1498 et

316 1513 432 1587 udaeis
463 1512 644 1607 ingentem
680 1504 1120 1612 crearuntcalamitatem.
1265 1537 1332 1588 aeo
1366 1520 1497 1593 enima

292 1610 439 1683 muliere
468 1601 650 1693 Parthica,
692 1598 793 1677 ducis
823 1599 969 1697 ancujus
995 1603 1202 1681 Parthorum
1228 1632 1366 1702 uxore,
1410 1639 1497 1714 quam

291 1702 435 1781 libidine
470 1697 639 1772 incitatus
662 1719 810 1772 uxorem
845 1695 994 1771 duxerat
1017 1698 1204 1792 Anilaeus,
1243 1705 1399 1800 marito,
1430 1735 1499 1787 eum

288 1799 434 1884 adorto,
459 1794 499 1868 in
515 1818 634 1892 pugna
660 1791 798 1881 occiso,
822 1812 964 1866 veneno
980 1792 1134 1886 sublato,
1160 1797 1242 1894 quia
1271 1804 1315 1875 ab
1331 1803 1497 1898 Asinaeo,

288 1916 309 1966 a
333 1887 477 1988 Judaeis
503 1909 628 1964 contra
653 1886 817 1961 maritum
843 1886 1017 1979 incitato,
1052 1893 1146 1989 quod
1170 1892 1359 1971 mulierem
1387 1903 1498 1977 alieni·

287 2010 439 2085 genam,
463 2005 501 2059 et
516 1984 734 2062 idololatriae
749 1982 862 2056 adhuc
878 1982 1086 2076 studiosam,
1111 1988 1278 2080 duxerat,
1300 1992 1365 2067 fibi
1383 2019 1420 2072 et
1436 2023 1496 2074 ma·

287 2083 362 2157 rito
388 2083 587 2171 metuebat,
613 2081 800 2168 Anilaeus,
832 2101 853 2151 a
878 2078 1114 2174 Mithridate,
1143 2083 1224 2158 viro
1250 2087 1426 2183 primario
1449 2096 1498 2170 in·

288 2198 346 2254 ter
364 2177 530 2268 Parthos,
557 2177 655 2271 cujus
673 2173 836 2272 regiones
853 2174 1085 2271 depopulatus
1108 2199 1205 2269 erat,
1231 2184 1326 2259 bello
1343 2186 1496 2282 invasus,

286 2273 326 2348 in
352 2271 459 2346 initio
485 2270 626 2369 quidem
645 2271 717 2345 sese
724 2271 918 2437 dpraeclare
946 2270 1127 2363 defendit,
1153 2266 1377 2358 Mithridate
1396 2285 1496 2361 etiam

284 2368 450 2467 superato
474 2385 512 2440 et
536 2387 661 2463 capto,
687 2365 723 2438 se
773 2363 934 2453 dimisso,
959 2364 1018 2474 sed
1040 2367 1169 2444 deinde
1194 2373 1238 2447 ab
1264 2373 1369 2472 ipso,
1394 2405 1497 2457 uxore

285 2466 331 2541 ad
365 2461 611 2538 contumeliam
643 2459 870 2557 reparandam
902 2480 1080 2536 excitante
1113 2489 1213 2558 eum,
1255 2470 1377 2548 denuo
1406 2473 1498 2554 inva-

284 2560 361 2650 firs,
387 2555 501 2632 vistus
518 2580 560 2630 ac
578 2557 615 2631 su
664 2576 721 2630 tus
734 2553 807 2644 est3
831 2578 916 2629 mox
938 2559 1193 2655 aBabyloniis,
1223 2561 1262 2638 in
1278 2571 1496 2664 quontmvi·

283 2679 347 2739 cos
368 2652 597 2751 inpressiones
630 2652 788 2742 sciebat,
807 2649 993 2820 {pproviso
1019 2656 1202 2748 cummis,
1229 2660 1358 2738 somno
1376 2691 1493 2767 crapu-

283 2740 384 2844 saque
403 2749 576 2844 gravatis,
604 2747 784 2844 oppressus
882 2770 924 2819 ac
940 2746 1165 2827 intersedlus:
1190 2757 1331 2852 quando
1349 2762 1503 2858 Judaei,

280 2845 322 2920 in
348 2865 435 2939 quos
458 2841 618 2935 inpetum
641 2864 781 2939 quoque
801 2840 965 2916 fecerunt
986 2845 1189 2940 Babylonii,
1212 2852 1329 2928 coacti
1355 2858 1496 2933 firenmt

281 2938 366 3015 inde
388 2932 539 3029 migrare
563 2937 779 3027 Seleuciam,
812 2963 832 3011 a
858 2939 1006 3012 Seleuco
1033 2943 1233 3037 conditam,
1264 2967 1303 3023 et
1327 2976 1349 3027 a
1373 2956 1496 3029 Mace·

280 3032 450 3120 donibus,
474 3032 622 3105 Graecis
635 3056 677 3105 ac
687 3032 804 3129 Syris,
823 3032 1073 3129 inhabitatam,
1091 3059 1128 3113 et
1135 3066 1200 3139 per
1217 3044 1494 3143 quinquennium

279 3145 406 3230 pacate
442 3126 641 3221 degerunt3
683 3128 799 3200 donec
832 3149 870 3202 et
901 3129 960 3202 alii
992 3134 1144 3229 Judaei,
1186 3138 1285 3235 peste
1320 3146 1500 3243 Babylone.

282 3223 475 3326 grassante,
494 3245 538 3294 eo
554 3221 637 3295 inde
658 3221 691 3295 se
710 3225 948 3316 contulerint,
965 3230 1103 3323 quaudo
1122 3233 1160 3306 in
1177 3258 1339 3330 magnam
1360 3239 1494 3316 incide·

280 3343 363 3400 runt
378 3318 618 3395 calamitatem.
671 3318 798 3392 Graeci
816 3319 931 3411 enim,
955 3346 1035 3397 cum
1046 3328 1142 3423 Syris
1161 3330 1279 3425 palllm
1296 3334 1493 3429 discordes,

280 3440 386 3496 antea
413 3414 628 3514 superiores,
662 3438 755 3488 nunc
780 3440 843 3511 per
868 3418 1039 3513 Judaeos,
1072 3446 1151 3496 cum
1177 3426 1272 3522 Syris
1297 3429 1489 3523 facientes,
1523 3517 1525 3520 ,

277 3512 487 3601 inferiores,
513 3510 607 3607 Syris
623 3511 657 3584 se
676 3510 974 3604 reconciliarunt,
998 3536 1034 3588 et
1051 3520 1310 3615 persuaserunt,
1336 3546 1399 3619 ut,
1418 3532 1493 3604 uni·

279 3611 325 3685 tis
342 3606 479 3679 viribus
497 3606 649 3701 Judaeos
673 3608 964 3704 adgrederentur:
989 3636 1057 3707 quo
1075 3612 1205 3689 fartum
1223 3618 1294 3709 est,
1320 3641 1381 3714 ut,
1409 3649 1492 3700 con·

279 3709 302 3782 s
321 3699 473 3777 iratione
508 3704 545 3773 iu
575 3727 636 3777 cos
660 3702 771 3794 satia,
815 3705 914 3801 supra
941 3730 989 3796 50
1012 3708 1118 3783 millia
1141 3713 1352 3808 Judaeorum
1375 3722 1494 3795 Seleu·

278 3824 355 3877 crae
376 3794 595 3886 occiderint,
621 3799 766 3894 reliqui,
792 3800 849 3895 qui
876 3802 1068 3877 amicorum
1091 3826 1150 3879 aut
1166 3809 1366 3885 vicinorum
1389 3817 1489 3890 mise·

278 3891 433 3972 ricordia
461 3892 664 3982 evaserunt,
692 3895 774 3967 inde
792 3897 1035 3991 aufugientes,
1065 3899 1265 3978 secesserint
1283 3909 1490 4005 ctesrpbon·

279 4014 373 4080 tem,
392 3984 568 4061 Seleuciae
586 3989 764 4079 vicinam,
790 4011 827 4063 et
845 3993 994 4082 deinde,
1021 4020 1099 4070 cum
1119 4023 1185 4073 nec
1201 4002 1252 4076 ibi
1270 4003 1338 4075 tuti
1359 4006 1488 4097 essent,

277 4084 420 4162 Nisibin
445 4106 486 4155 ac
509 4081 711 4174 Neerdam,
737 4088 812 4158 loca
839 4090 1047 4182 munitiora,
1082 4118 1123 4166 ac
1147 4096 1275 4170 avitis
1300 4098 1380 4173 suae
1430 4127 1494 4176 en·

277 4184 323 4266 tis
345 4177 515 4254 bellicosis
540 4176 744 4253 inhabitata.
797 4185 963 4257 Ceterum
989 4189 1155 4264 Neerdae
1180 4192 1247 4265 suit
1272 4194 1493 4289 Judaeorum

276 4273 485 4362 Academia,
528 4272 618 4346 unde
650 4276 726 4368 Syr.
760 4280 937 4356 &ll-'lbi
959 4279 1085 4375 fiennon
1112 4285 1273 4384 scientiae
1297 4289 1393 4366 dicia
1425 4296 1489 4371 est.

274 4372 391 4451 Dittis
421 4368 464 4439 de
490 4366 577 4442 statu
607 4369 817 4465 Judaeorum
842 4395 942 4446 extra
969 4380 1181 4454 Cananaeam
1205 4384 1241 4456 in
1256 4409 1389 4481 genere
1413 4390 1494 4466 sub·

272 4473 403 4573 jungo,
435 4486 518 4559 eos,
551 4466 610 4562 qui
637 4467 727 4578 bello
756 4489 838 4544 curu
862 4468 1036 4550 Romanis
1057 4474 1093 4548 se
1118 4498 1193 4555 uon
1215 4479 1496 4581 immiscuerunt,

1204 4611 1207 4617 ·
1317 4581 1498 4681 benigne,
