3575 5884
157 615 1541 920 n

1315 987 1333 998 ..,

290 1137 357 1206 112
421 1218 424 1222 ,
630 1116 1097 1222 {dstorialctleſsaflica'V
1127 1121 1166 1199 T.

288 1304 479 1406 prospicit,
513 1305 805 1379 confirmarentur
830 1303 881 1400 pii
910 1303 1160 1394 Israelitarum,
1194 1320 1231 1378 ct
1258 1301 1397 1378 scholae
1422 1328 1508 1405 pro·

255 1471 256 1474 ,
285 1406 452 1501 pheticae
477 1401 627 1489 alumni,
654 1423 801 1494 quorum
828 1425 913 1473 unus
939 1401 1051 1474 suerat
1075 1402 1202 1475 viduae
1230 1402 1398 1491 maritus,
1425 1403 1502 1499 pie·

287 1519 359 1572 tate
386 1500 442 1572 sua
467 1499 592 1585 clarus,
618 1501 677 1591 qui
695 1495 787 1567 sorte
812 1521 951 1592 quoque
975 1497 1202 1586 liberalitate,
1229 1497 1266 1569 in
1291 1499 1382 1569 hanc
1399 1500 1503 1572 scho-

285 1596 354 1669 lam
371 1594 511 1683 collata,
539 1591 657 1665 debita
682 1589 737 1664 illa
755 1611 989 1666 contraxerat.
1040 1616 1071 1665 2.
1099 1591 1274 1690 Justitiam
1297 1593 1420 1667 exaste
1435 1595 1501 1666 ob·
1529 1639 1535 1648 ·

287 1691 451 1778 servent,
492 1712 558 1763 nec
589 1687 840 1776 creditoribus,
882 1688 990 1761 etiam
1012 1688 1106 1762 duris
1129 1688 1370 1778 exactoribus,
1414 1687 1502 1786 quid

284 1785 505 1875 motmunt,
540 1805 607 1857 aut
631 1782 752 1857 alienis
785 1783 910 1855 vivant
943 1782 1104 1879 inpensis.
1154 1807 1187 1878 3.
1211 1786 1317 1857 Dona
1347 1783 1502 1881 Spiritus

285 1883 342 1968 8.,
367 1881 493 1955 addere
520 1881 615 1954 enim
642 1880 723 1954 illud
749 1878 873 1968 liceat,
899 1903 980 1952 cunr
1006 1882 1070 1952 oleo
1094 1879 1287 1976 comparari
1313 1880 1433 1970 solita,
1459 1879 1498 1954 in

284 1977 352 2048 hac
386 1977 502 2051 schola
526 2001 590 2072 per
617 1998 721 2047 omne
755 1995 891 2069 tempus
915 1974 1088 2064 mansura,
1128 1993 1270 2049 etcum
1299 1975 1375 2049 aliis
1400 2000 1498 2049 com·

284 2073 512 2162 municanda¹
539 2073 701 2168 quamdiu
720 2073 798 2167 uasa
817 2070 1028 2167 lupereIIent
1045 2069 1206 2167 capacia,
1232 2069 1498 2167 significaretura

281 2215 286 2228 ·
331 2169 361 2267 l.
390 2173 519 2243 CXIII.
546 2172 724 2243 Secundum
750 2168 954 2242 miraculum
977 2165 1014 2239 in
1031 2166 1105 2239 filio
1122 2166 1348 2239 Sunamitidis
1372 2167 1497 2244 mulie.-

284 2267 353 2355 ris,
380 2266 417 2339 in
441 2266 535 2338 tribu
553 2263 764 2352 IIIascharis,
789 2262 974 2350 suscitato,
1001 2285 1036 2334 v.
1065 2272 1197 2355 8-37.
1222 2262 1282 2334 hic
1307 2263 1425 2336 locum
1444 2286 1501 2335 re·

281 2363 400 2459 perit,
425 2362 518 2456 quod
542 2357 633 2431 haud
658 2356 718 2428 diu
743 2356 822 2453 post
844 2356 1054 2523 praecedens
1080 2357 1186 2430 suerit
1210 2356 1349 2433 sadum.
1399 2360 1502 2465 Quae

284 2479 371 2530 vero
397 2456 441 2527 de
467 2452 578 2543 Elisa,
610 2450 701 2549 apud
728 2451 823 2548 piam
872 2475 938 2524 ane
963 2451 1154 2537 foeminam
1178 2453 1290 2548 prima
1313 2455 1418 2542 vice,
1444 2460 1499 2527 ›et'

281 2552 449 2645 deinceps
467 2547 620 2646 saepius,
639 2547 860 2637 divertente,
879 2546 1021 2642 filioque
1040 2547 1102 2644 ipsi
1119 2549 1307 2645 promisso,
1324 2569 1369 2627 ‚et
1387 2568 1498 2641 nato,

281 2665 480 2733 narrantur,
507 2667 608 2718 antea
625 2644 850 2733 acciderunt,
874 2643 937 2717 hic
953 2662 1069 2716 autem
1079 2699 1092 2738 ,
1110 2642 1253 2720 historia
1269 2643 1499 2721 miraculosae

282 2741 555 2824 resuscitationis
577 2740 678 2814 altius
696 2765 732 2813 re
760 2737 868 2828 etita,
894 2737 1176 2836 praemittuntur.
1225 2741 1300 2838 Ipsa
1319 2741 1499 2835 narratio,

280 2839 366 2912 licet
389 2837 450 2910 hic
477 2837 548 2909 illic
570 2836 680 2932 aliqua
704 2765 816 2909 adhuc
841 2838 919 2909 luce
946 2834 1122 2933 indigeat,
1155 2858 1232 2926 me,
1267 2835 1328 2932 qui
1350 2835 1495 2910 histori-

281 2959 337 3009 am
362 2933 492 3021 tracto,
519 2955 590 3004 non
614 2930 810 3019 detinebit3
844 2932 904 3005 sed
930 2956 1036 3005 unum
1059 2932 1252 3004 alterumve
1276 2929 1391 3006 obiter
1414 2955 1497 3006 nro·

281 3028 392 3103 nuisse
410 3044 598 3102 contentus
622 3052 694 3102 ero.
742 3028 863 3099 Verba
880 3028 1125 3117 Sunamitidis,
1153 3027 1275 3123 quibus
1292 3026 1424 3118 Elisae,
1451 3028 1498 3102 fi·

279 3125 365 3201 lium
412 3122 632 3212 romittenti,
651 3121 838 3218 respondet
855 3146 890 3196 v.
914 3129 969 3195 16.
996 3149 1034 3196 ne
1050 3122 1377 3217 nretrtiurisfamuloe
1393 3142 1503 3217 tuae,

279 3245 353 3295 non
380 3150 457 3293 liant
483 3217 692 3307 dubitantis,
733 3218 844 3290 multo
870 3214 983 3307 minus
1008 3218 1051 3290 de
1076 3219 1259 3291 mendacio
1282 3219 1499 3315 prophetam

279 3316 473 3415 suspeuum
500 3313 696 3401 reddentis,
737 3314 796 3387 sed
821 3309 995 3410 optantis,
1031 3312 1127 3386 fimul
1152 3313 1392 3387 confirmantis
1418 3314 1498 3390 dic·

280 3435 356 3490 turn
380 3411 596 3512 prophetae,
639 3431 706 3481 nec
731 3406 773 3479 ad
795 3430 914 3481 natum
937 3428 1071 3482 tantum
1098 3410 1228 3497 filium,
1270 3409 1390 3482 sedin
1415 3410 1495 3488 vita

279 3511 581 3610 perseverantem,
608 3505 645 3579 in
663 3504 787 3578 domus
810 3506 990 3593 columen,
1017 3505 1216 3602 respiciunt.
1264 3506 1497 3610 Quammen·

280 3628 353 3679 tem
371 3605 493 3676 clarius
511 3602 691 3698 expressit,
718 3622 818 3688 cum,
844 3599 918 3672 silio
935 3621 1097 3690 mortuo,
1120 3600 1317 3695 Prophetae
1341 3601 1434 3675 dixit
1452 3628 1492 3680 ν.

282 3709 339 3778 28.
374 3724 448 3771 nuru
495 3702 549 3768 etii
568 3699 676 3792 filium
699 3724 720 3770 a
745 3695 881 3768 Domino
904 3698 999 3768 traco?
1039 3723 1140 3770 nortae
1173 3699 1270 3769 dixi?
1309 3723 1347 3772 ne
1371 3725 1421 3772 arte
1448 3701 1493 3770 Ii·

280 3798 370 3892 quido
397 3811 429 3865 et
442 3718 558 3893 sduro
583 3799 687 3866 animo
711 3789 771 3888 ff
786 3794 928 3887 juleus,
963 3816 1000 3863 ne
1025 3819 1073 3866 nrt
1098 3795 1300 3881 demulceus,
1336 3794 1396 3890 sp:
1422 3793 1493 3870 filii

279 3892 412 3978 oblata,
455 3911 555 3984 quam
576 3886 687 3960 xsorte
719 3885 886 3984 deinceps
915 3885 1072 3962 amissura
1103 3887 1195 3962 sum:
1237 3887 1290 3961 uti
1314 3887 1424 3962 vertit
1449 3911 1493 3966 et

278 3983 442 4082 exposuit
464 3984 515 4056 Cl.
542 3982 725 4055 Schultens
749 3984 793 4055 de
822 3983 922 4080 Orig.
947 3983 1060 4058 Hebr.
1086 3983 1211 4080 disput.
1238 3986 1305 4058 IV.
1338 3986 1490 4068 verbnm

275 4065 386 4170 niul:
415 4078 474 4151 ubi
498 4102 587 4150 vero
610 4079 653 4151 de
679 4077 786 4173 scopo
810 4081 1001 4166 adventus,
1028 4100 1065 4152 ct
1082 4079 1322 4154 incolumitate
1347 4105 1492 4177 quoque

277 4178 341 4252 filii
358 4193 496 4269 rogata,
523 4173 701 4267 respondit
719 4197 753 4244 v.
770 4194 833 4276 ng,
856 4181 911 4246 26.
931 4191 972 4260 m
999 4184 1032 4263 al
1042 4196 1133 4268 pas,
1158 4176 1304 4247 mentita
1323 4176 1489 4271 nonest,

276 4295 345 4346 nec
371 4269 502 4343 solenni
528 4267 694 4356 formula,
720 4267 779 4338 ubr
806 4267 888 4361 quid
912 4272 1130 4344 reticendum
1154 4270 1223 4358 est,
1248 4271 1404 4343 adhiberi
1430 4274 1487 4345 so·
1526 4313 1538 4338 a

278 4371 358 4456 lita,
384 4368 460 4454 usa,
486 4363 545 4440 sed
569 4383 605 4436 et
630 4363 736 4435 fidem
763 4360 806 4433 de
831 4387 899 4458 ope
923 4361 1061 4457 diuina,
1095 4367 1157 4439 sibi
1183 4391 1246 4460 per
1271 4366 1485 4462 prophetam
1530 4359 1537 4369 ⁸

277 4461 493 4564 praestanda,
521 4461 615 4538 simul
634 4458 805 4545 insinuati
831 4483 933 4554 quam
957 4459 993 4533 in
1020 4482 1099 4533 toto
1122 4462 1191 4533 hoc
1216 4461 1365 4557 negotio
1387 4463 1488 4538 lucu·

271 4573 388 4654 lenter
411 4559 572 4659 exposuit
600 4558 659 4658 pia
683 4552 837 4648 semina3
871 4556 923 4631 uti
949 4557 1042 4654 quod
1074 4557 1185 4635 filium
1214 4579 1402 4731 mortum}
1422 4581 1488 4731 {111

453 4679 458 4728 ὲ
896 4705 898 4709 ·
1392 4676 1427 4731 lc
1462 4676 1491 4730 0

557 4790 568 4823 I
650 4827 653 4832 .
