3575 5884
751 669 904 746 Periodus
931 673 1047 750 Sexta.
1442 708 1509 786 347

281 874 373 952 quae
396 849 664 925 itinerabaicant
698 851 902 948 exciperet,
944 874 981 927 et
1005 855 1282 950 consummaret,
1323 860 1364 935 in
1389 866 1507 963 specie

276 970 448 1045 ternpore
464 950 612 1045 ultimo,
637 948 731 1045 quod
747 948 970 1025 Maccabaici
990 954 1161 1050 temporis
1179 956 1232 1031 est
1247 952 1506 1057 antitypicurn,

280 1062 321 1120 et
344 1062 529 1119 extremae
555 1066 598 1117 ac
621 1041 817 1139 postremae
837 1044 1070 1139 adflidiionis,
1112 1069 1149 1124 et
1175 1050 1348 1149 gloriosae
1374 1054 1503 1133 instau-

279 1140 457 1230 rationis,
485 1138 661 1217 ucetefire
686 1158 845 1236 tempus3
875 1142 976 1239 cujus
1003 1140 1044 1219 in
1068 1147 1182 1223 verbo
1206 1150 1427 1248 Prophetico
1455 1150 1508 1233 est

283 1234 381 1311 mtrd
402 1234 610 1333 infrequens
632 1234 781 1311 ntentio.
1201 1322 1204 1329 ,

295 1368 314 1387 ·-
386 1332 520 1407 cch.
553 1332 788 1427 &amentum
818 1330 899 1409 libri
925 1334 1084 1431 Haggat'‚
1128 1334 1173 1411 de
1198 1362 1269 1433 quo
1296 1338 1420 1437 paucis
1445 1340 1506 1415 ab·

331 1450 436 1516 vam,
463 1451 546 1501 cum
569 1450 625 1502 ret
645 1423 727 1503 satis
751 1426 793 1501 srt
818 1427 966 1524 liquida,
990 1431 1061 1505 huc
1078 1430 1181 1504 redit.
1233 1434 1319 1508 Cum
1343 1456 1507 1533 praetex-

279 1545 358 1599 tum
381 1523 530 1621 populi,
562 1542 681 1599 atem
731 1546 770 1599 re
796 1522 888 1599 Tem
914 1526 949 1600 lo
980 1526 1198 1601 aedificando
1224 1527 1338 1602 minus
1370 1557 1394 1606 o
1421 1558 1505 1629 por-

282 1640 374 1696 tuno
397 1619 577 1729 petitum,
608 1642 674 1717 per
722 1617 870 1711 inuislet⁴
886 1550 1084 1717 iropheta,
1119 1625 1287 1719 populum
1314 1624 1356 1697 ad
1384 1557 1508 1719 siriam

277 1714 409 1827 judicit
433 1714 570 1805 diurni,
603 1715 668 1791 fibi
692 1714 951 1805 incumbentis,
987 1718 1325 1814 contemplationem
1349 1722 1506 1817 excitat,

280 1812 436 1907 undeque
457 1810 742 1887 udlaortationem
760 1809 909 1889 desumit
925 1810 968 1885 ad
986 1812 1129 1909 Templi
1149 1814 1433 1891 aedificationem
1447 1839 1505 1891 re„

281 1906 503 1999 sumendum,
526 1906 849 2004 neperficiendaut.
872 1962 876 1983 .
899 1906 1004 2015 Quod
1023 1932 1112 2007 opus
1127 1930 1208 1985 cum
1252 1913 1396 2007 opulus,
1420 1934 1505 2009 pro·

285 2004 467 2103 phetamm
484 2004 719 2079 concionibus
733 2021 936 2102 permotus,
956 2002 1096 2081 strenue
1111 1936 1285 2103 adgreius
1304 2007 1411 2096 esset,
1430 2010 1504 2081 ani-

284 2124 365 2175 moa
388 2099 422 2172 ei
443 2100 544 2175 addit
567 2100 765 2198 Propheta,
790 2122 941 2196 eumque
966 2100 1111 2176 ulterius
1134 2104 1290 2192 excitat,
1324 2104 1504 2179 luculento

283 2194 584 2295 promils0,.cum
607 2195 865 2271 beneuuionir
892 2213 930 2271 et
957 2194 1035 2291 opit
1052 2195 1230 2289 Divinae,
1265 2218 1340 2275 tum
1364 2200 1505 2273 uberio-

279 2294 327 2368 ris
354 2292 481 2367 domus
491 2290 597 2390 hujus
619 2291 754 2461 ploriae
774 2314 858 2393 prae
875 2289 1019 2387 priore,
1047 2290 1179 2388 quippe
1198 2318 1285 2390 quae
1306 2291 1411 2391 ipsius
1429 2288 1505 2373 Dei

279 2388 396 2489 gloria
422 2388 588 2486 replenda
636 2405 715 2462 oret
746 2387 808 2463 suo
847 2400 1018 2483 tempore.
1076 2385 1177 2492 Quae
1209 2388 1339 2467 duabus
1371 2388 1504 2469 ultimi·

282 2482 517 2559 concionibus
548 2502 779 2581 repetuntur,
821 2498 859 2559 et
892 2482 1154 2560 confirmantur.
1202 2486 1323 2582 Scopus
1356 2486 1503 2571 concio·

241 2596 245 2601 ’
286 2602 373 2655 num
402 2578 440 2652 in
472 2594 602 2678 genere
632 2578 703 2670 est,
747 2577 894 2654 reduces
927 2577 1107 2653 exhortati
1142 2579 1186 2653 ad
1217 2582 1504 2661 aedificationem

287 2674 456 2773 Templi,
483 2676 565 2750 satia
582 2673 644 2748 diu
667 2674 860 2765 remilium,
887 2672 1146 2767 resumendam,
1172 2694 1210 2749 et
1234 2678 1501 2775 perficiendam.

282 2772 350 2847 cui
376 2770 636 2847 convenienter
664 2771 766 2865 eoin
792 2769 911 2868 specie
929 2770 1083 2857 tendunt.
1096 2772 1308 2866 conciones,
1334 2795 1376 2849 ut
1398 2775 1502 2848 redu·

282 2890 341 2943 εει
368 2890 400 2944 1.
425 2868 471 2943 de
495 2868 764 2964 opportunitate
786 2864 958 2963 temporis
983 2864 1054 2941 hoc
1072 2866 1225 2941 faciendi
1242 2872 1501 2943 convinceren-

285 2982 358 3055 tnr,
399 2986 482 3039 cum
510 2964 606 3061 quod
630 2965 742 3063 Regis
768 2964 942 3039 Persarum
970 2961 1106 3037 animur
1132 2962 1174 3035 ad
1201 2987 1262 3036 eos
1286 2964 1373 3036 esset
1402 2963 1503 3036 incli-

283 3081 398 3150 natus,
442 3078 518 3134 tum
543 3060 676 3157 judicia
700 3060 821 3134 divina
847 3057 929 3134 aliar
955 3057 1081 3131 evitari
1109 3076 1283 3154 nequeant
1321 3079 1353 3132 2.
1380 3056 1424 3133 de
1447 3057 1501 3132 se·

283 3157 340 3231 lici
367 3156 489 3253 operit
514 3155 691 3246 successu,
733 3175 771 3229 et
796 3153 963 3253 prospera
990 3152 1134 3246 Templi
1169 3152 1397 3247 conditione,
1438 3155 1503 3233 suo

285 3270 448 3348 tempore
473 3251 610 3342 sutura,
645 3251 813 3325 certiores
837 3251 986 3338 fierent,
1030 3248 1193 3343 opposite
1217 3250 1260 3324 ad
1287 3249 1502 3349 praejudicia

282 3371 424 3437 torum,
457 3372 504 3422 ex
530 3349 626 3423 tenui
660 3348 716 3423 sua
742 3346 971 3436 conditione,
1006 3362 1044 3416 et
1071 3344 1219 3422 exilibus
1252 3348 1396 3447 Templi
1429 3349 1501 3445 pri·

284 3442 453 3533 mordiia,
486 3462 577 3519 nata.
625 3444 709 3555 Quo
732 3444 938 3538 promissum
964 3441 1091 3534 duplex
1116 3442 1280 3520 collineat
1307 3447 1351 3521 de
1376 3446 1501 3521 favore

284 3540 376 3632 Dei,
402 3554 441 3612 et
463 3537 586 3614 domun
610 3538 700 3614 illrus
749 3539 838 3613 loria
864 3563 904 3612 ac
931 3536 1123 3634 splendore.

326 3636 360 3736 p.
393 3637 544 3710 CCCLI.
587 3638 686 3710 Prius
711 3634 767 3708 his
797 3636 940 3725 verbis,
983 3631 1099 3708 obiter
1129 3635 1354 3723 illustrandis,
1389 3655 1422 3707 c.
1448 3634 1498 3712 11:

283 3754 320 3823 4,
344 3754 379 3823 5.
415 3731 603 3825 profertur.
652 3734 724 3827 Ego
751 3732 935 3828 toliscam,
969 3731 1067 3819 sum,
1101 3756 1231 3830 eroque
1261 3730 1314 3828 (h.
1339 3752 1370 3805 e.
1396 3754 1501 3827 quam

285 3827 373 3903 exile
405 3826 516 3903 etiarn
540 3828 705 3902 videatur
741 3848 828 3923 opus
855 3825 1018 3925 Templi,
1054 3829 1207 3922 placebit
1236 3845 1355 3899 tamen
1381 3827 1495 3917 mihi3

281 3946 380 4021 quarn
405 3921 569 3998 modicae
586 3922 652 3996 srnt
676 3925 790 4013 vires,
817 3927 968 4026 opesque
987 3923 1146 4015 vestrae,
1170 3940 1296 4018 quanta
1314 3921 1422 3997 etiam
1442 3918 1497 3996 in·

280 4020 502 4111 pedimenta,
543 4018 732 4095 succedent
768 4039 885 4098 tamen
920 4022 1103 4099 molimina
1139 4014 1253 4089 vestra
1286 4040 1366 4092 mea
1405 4036 1499 4111 ope,

279 4114 422 4214 satore,
462 4115 650 4223 omniaque
685 4140 731 4197 ex
756 4120 1003 4290 vottkfluent,
1027 4137 1107 4214 ,per
1131 4133 1247 4199 meana
1262 4195 1265 4201 ,
1279 4108 1501 4313 benedidioj

315 4288 319 4293 .
873 4235 945 4290 xa
1380 4229 1472 4287 nem.
