3575 5884
261 589 1624 925 -ὲ-

727 1154 883 1237 Perfudit
905 1158 1022 1235 Sexto.
1134 1152 1136 1157 ’
1410 1178 1485 1256 4¹?

261 1358 296 1419 ut
313 1336 379 1415 l'ibi
398 1336 457 1413 e'as
474 1336 689 1435 subjicerem
713 1340 838 1438 easque
854 1339 1090 1415 infelicissime
1103 1336 1303 1415 succesfill'e.
1351 1334 1483 1443 Vidini
1510 1366 1512 1373 ·

261 1437 354 1513 ruini
376 1455 415 1508 et
438 1438 648 1532 profligatus
685 1461 705 1509 a
727 1437 919 1526 Romanis,
958 1435 1112 1534 primum
1143 1435 1232 1510 duce
1257 1436 1313 1509 M.
1339 1431 1482 1519 Acilio,

261 1534 317 1609 vel
334 1531 488 1619 Attilio,
515 1531 726 1622 Glabrione,
757 1534 801 1606 ad
827 1532 1086 1631 Thermopylas
1114 1529 1151 1604 in
1181 1530 1350 1617 Graecia,
1373 1525 1481 1614 dein,
1544 1606 1547 1615 ¹

261 1628 408 1703 ducibus
442 1627 694 1723 Scipionibus,
733 1626 772 1701 in
803 1626 885 1700 Asia
918 1628 1013 1702 circa
1049 1629 1266 1722 Magnesiam
1299 1623 1341 1699 ad
1376 1622 1482 1730 Sipy-

261 1727 334 1798 lum
357 1743 537 1813 inontem,
572 1722 741 1796 infamem
765 1746 891 1819 pacem
918 1724 1034 1797 facere
1062 1723 1203 1797 coactus
1232 1722 1301 1811 est,
1328 1722 1481 1795 Graecia
1540 1759 1544 1770 ⁴

261 1842 336 1893 non
359 1837 497 1930 tantum
523 1836 561 1889 et
582 1819 736 1933 Thracia
751 1819 956 1909 muletatus,
981 1819 1092 1893 sedet
1109 1819 1188 1891 Asia
1206 1819 1373 1926 Minore,
1400 1838 1480 1911 reg·
1631 1878 1639 1889 .

261 1938 409 2084 llius?
438 1913 1174 2116 ¹ullnlllll1.l⁰3zllnlt¹3{nil
1185 1938 1263 2105 ,0¹3
1267 1930 1482 2115 illlis?

261 2130 307 2180 ex
331 2108 428 2203 App.
447 2104 486 2177 in
504 2107 604 2199 Syn,
629 2107 712 2179 Liv.
733 2107 753 2179 l.
774 2107 972 2194 xxxv1.·‚
999 2104 1122 2205 Justiu.
1139 2108 1161 2179 l.
1179 2107 1311 2179 XXXl.
1330 2105 1418 2178 l'lut.
1441 2125 1482 2209 {¹¹

261 2206 418 2290 Catone,
446 2201 504 2273 M.
528 2200 635 2273 Floro
649 2203 671 2275 l.
698 2203 743 2274 ll.
769 2220 808 2273 et
822 2201 898 2275 aliis
916 2220 1056 2289 notam,
1082 2203 1174 2276 Dan.
1200 2224 1230 2275 c.
1253 2202 1315 2273 Xl.
1342 2208 1397 2276 18.
1423 2197 1483 2269 lux

262 2293 382 2371 verbis
404 2294 604 2391 praedixit,
632 2314 664 2368 et
681 2301 917 2370 iterumverret
930 2296 1060 2391 faciem
1079 2299 1123 2369 ud
1137 2294 1289 2390 Insulas,
1315 2298 1481 2388 rapietque

261 2394 408 2480 multos,
432 2388 572 2486 etſsstet
594 2397 796 2487 opprobrium
811 2395 886 2488 ejus
911 2390 970 2488 ipſs
989 2392 1070 2464 Dux
1096 2391 1219 2490 derisor
1239 2410 1309 2469 etc.
1336 2389 1397 2462 seu
1420 2390 1479 2463 ln·

261 2502 408 2585 perator
431 2486 634 2576 Romanus,
662 2506 701 2560 ut
729 2487 766 2561 iu
790 2488 926 2561 Comm.
951 2485 1110 2584 exposui.
1431 2558 1436 2567 ,
1504 2506 1564 2557 f*

310 2581 342 2681 p.
369 2582 611 2656 CCCCXVll.
636 2580 817 2671 Tandem,
844 2604 926 2655 cum
943 2583 1042 2679 gravi
1060 2582 1193 2655 tributo
1209 2580 1296 2655 esset
1312 2602 1331 2652 a
1347 2581 1479 2653 Roma·
1628 2578 1634 2601 ⁸

263 2678 320 2752 nis
342 2696 526 2767 oneratus,
560 2676 619 2751 seu
647 2678 768 2774 inopia
793 2677 966 2774 pecuniae
991 2677 1207 2773 compulsus,
1248 2678 1307 2748 seu
1333 2672 1490 2753 avaritin'

261 2771 489 2862 sollicitatus,
530 2773 672 2847 ultimas
694 2774 795 2871 regui
819 2773 858 2846 in
885 2772 1024 2845 oriente
1049 2791 1164 2869 partes
1189 2770 1412 2867 penetravit,
1438 2791 1483 2843 ac
1543 2860 1547 2867 .

261 2871 451 2965 Elymaeos
474 2866 517 2940 ad
542 2869 647 2943 relsus
672 2869 743 2959 est,
776 2888 814 2943 ct
838 2864 939 2964 Jovis
965 2866 1143 2979 Elymaei,
1177 2871 1217 2941 ut
1241 2864 1394 2963 Justinus
1418 2866 1482 2941 ha·

261 2968 348 3052 bet,
371 2962 452 3051 vel,
472 2892 635 3068 minori.
655 2966 756 3054 -Sic.,
781 2968 875 3053 Beli,
894 2963 989 3061 quod
1006 2963 1099 3038 idem
1116 2964 1261 3035 Numeri
1279 2962 1350 3054 est,
1369 2964 1481 3037 Tem-

262 3062 365 3156 plum
390 3049 576 3150 spoliavit,
614 3060 792 3156 quondo,¹
817 3058 972 3159 concursu
1001 3058 1210 3154 infusorium,
1236 3077 1276 3130 ut
1302 3058 1479 3155 Justiniis,

262 3155 323 3228 vcl
351 3176 372 3225 a
394 3153 545 3247 finitimis
568 3161 741 3245 barbaris,
768 3175 808 3227 ut
823 3156 949 3228 Strabo
977 3156 999 3228 l.
1026 3157 1152 3244 XVl.,
1177 3176 1259 3234 curn
1285 3154 1410 3229 militia
1427 3154 1481 3230 est

1416 3370 1482 3417 MO-

261 3247 476 3340 interfectum
507 3274 578 3346 qiio
605 3252 777 3347 inpletum
799 3250 870 3340 est,
913 3251 1008 3346 quod
1031 3252 1121 3325 Dan.
1148 3251 1210 3323 XI:
1240 3272 1295 3339 19.
1330 3254 1373 3323 de
1390 3250 1483 3438 poso

261 3345 332 3423 suit
354 3344 595 3440 praedictum,
629 3363 661 3419 it
687 3343 851 3442 retroaget
875 3352 1000 3422 vultum
1023 3346 1122 3444 suum
1148 3348 1192 3416 ad
1211 3345 1365 3441 perfiigia

263 3462 391 3529 terrae,
416 3456 451 3513 et
474 3442 618 3538 offendet
642 3461 675 3515 rt
702 3446 808 3518 cadet.
839 3444 899 3515 De
924 3443 1048 3538 quoin
1072 3447 1207 3517 Comm.
1233 3440 1306 3512 dixi
1327 3438 1478 3515 uberius.

262 3535 447 3633 Regnavit
468 3561 549 3612 ann.
577 3543 643 3634 36,
677 3557 714 3612 et
733 3537 967 3612 successorem
990 3536 1113 3611 habuit
1138 3533 1264 3606 Filium
1287 3537 1478 3629 Seleucum,

263 3633 361 3707 Patri
384 3631 572 3723 diledhun,
597 3652 634 3708 et
650 3636 840 3731 propterea
865 3634 995 3707 dietum
1019 3635 1251 3725 Pliiloputora3
1277 3630 1483 3730 principem

262 3727 451 3827 ignavum,
476 3752 636 3817 avarum,
672 3750 710 3804 et
735 3731 824 3803 nulla
848 3752 888 3802 re
912 3731 1063 3815 clarum3
1097 3725 1157 3823 qui
1184 3726 1302 3822 otiosus
1325 3745 1358 3801 ut
1383 3732 1478 3827 infir·

262 3850 355 3915 mus,
376 3822 465 3897 teste
480 3827 576 3921 App.
596 3827 719 3913 Alex,
744 3823 929 3935 regnavit,
954 3824 1055 3897 nullis
1070 3821 1186 3910 bellis,
1212 3822 1313 3898 nullis
1330 3849 1478 3901 concer-

262 3918 458 3995 tationibus
482 3944 562 3994 cum
588 3945 672 4020 rege
688 3920 826 4010 Austri,
851 3920 896 3994 de
916 3920 1113 4017 Coelesyria
1138 3936 1175 3992 ct
1193 3918 1343 4015 Judaea,
1368 3922 1478 4019 inpii·

261 4017 384 4106 citus,
426 4013 580 4112 denique
612 4016 771 4091 miseram
804 4039 943 4119 quoque
977 4016 1134 4105 sortem,
1176 4015 1255 4112 post
1285 4016 1478 4114 inglorium

263 4130 415 4208 regnum
439 4111 477 4183 in
501 4114 594 4203 fine,
630 4113 718 4186 sicut
741 4116 862 4201 Pater,
896 4110 1054 4210 adeptus.
1102 4111 1294 4188 insurrexit
1318 4112 1413 4185 enim
1436 4111 1478 4193 in
1503 4114 1508 4129 ’

261 4210 368 4295 euni,
387 4205 530 4282 tributis
547 4208 774 4306 colligendis,
793 4229 830 4283 et
840 4208 1001 4283 thesauro
1019 4209 1142 4305 regio,
1159 4207 1377 4318 praescitus,
1397 4208 1477 4285 He.

261 4303 440 4391 liodorus,
481 4307 583 4401 regni
611 4304 771 4395 invasor,
812 4326 850 4379 et
876 4305 1025 4379 occultis
1060 4304 1193 4379 insidiis
1225 4326 1306 4377 eum
1340 4305 1479 4382 nefarie

261 4397 473 4487 trucidavit,
499 4420 539 4473 ut
564 4400 659 4498 App.
685 4403 876 4476 memoriae
901 4401 1070 4497 prodidit.
1118 4399 1222 4500 Quod
1248 4399 1259 4471 i
1288 4398 1360 4472 sum
1379 4403 1472 4480 Dan.

261 4494 327 4569 Xl:
354 4516 409 4569 20.
436 4495 654 4592 praedidlum
678 4497 767 4587 fuit,
792 4497 848 4572 his
871 4500 1012 4590 verbis,
1045 4494 1097 4571 uti
1120 4512 1245 4565 verten
1270 4516 1290 4566 a
1312 4496 1408 4568 sunt:
1442 4512 1478 4569 et

261 4590 361 4664 viru
390 4609 505 4669 contro
525 4590 686 4693 flosorem
716 4598 811 4693 ejus,
858 4594 990 4688 (filium
1022 4584 1208 4675 Antiochi-
1222 4585 1301 4685 M.)
1335 4585 1481 4679 transtro,-

263 4682 395 4775 =Turn.
417 4688 472 4773 Ji.
839 4690 939 4785 Ggg
1095 4788 1097 4792 ι
1335 4682 1475 4787 fuclcur
