3575 5884
375 1190 448 1266 294
717 1162 863 1266 lastoria
886 1116 1118 1266 Ecclesiastico
1140 1164 1184 1242 V.
1213 1158 1256 1238 Y.

375 1345 515 1426 medius
547 1342 694 1445 ponitur
718 1343 869 1434 Daniel,
910 1345 993 1443 quia
1017 1365 1055 1419 et
1083 1346 1158 1442 ipse
1191 1346 1230 1419 in
1254 1345 1384 1420 summa
1406 1342 1477 1423 fuit
1499 1343 1635 1444 apud

376 1446 494 1522 Deum
520 1440 651 1539 gratia,
675 1438 800 1537 spiritu
827 1442 902 1538 ejus
918 1441 1061 1533 duduc,
1086 1466 1128 1515 ac
1153 1439 1210 1515 vir
1234 1441 1517 1539 defideratifflmtts
1531 1442 1635 1518 td·-

376 1543 543 1645 pellatus,
583 1535 681 1609 simul
704 1557 910 1609 arcanorum
935 1537 1008 1611 Dei
1039 1561 1183 1637 gnarus,
1225 1556 1263 1611 et
1290 1537 1435 1614 efficace
1457 1537 1518 1613 sua
1539 1537 1635 1618 itt-

373 1635 581 1711 terceffione
602 1654 671 1729 pro
703 1634 835 1729 populo
862 1632 1034 1732 celebris,
1071 1634 1224 1728 denique
1254 1633 1507 1709 calamitatina
1530 1654 1619 1715 ex·

375 1731 505 1838 ercitus
532 1749 574 1894 alc
594 1745 768 1895 ereptpf,
786 1727 1052 1918 strgutsNoaclro
1078 1748 1117 1897 eg
1142 1730 1502 1900 JoboTcontigerat}t
1520 1728 1606 1901 31.

372 1845 453 1900 tero
481 1845 519 1896 rn
559 1845 647 1914 oco,
672 1848 695 1895 u
721 1847 733 1896 1
755 1847 795 1896 rn
834 1847 851 1894 r
893 1845 1071 1899 atentiam
1118 1847 1222 1896 ucum
1323 1847 1439 1898 torum
1559 1847 1609 1903 a·

374 1920 476 1996 niclis
509 1918 731 2016 comparatio
764 1845 981 2011 instituitiir,
1023 1921 1099 1993 usus
1131 1848 1465 1996 videturyizechiel
1495 1918 1601 1999 didio

401 2014 591 2090 roverbiali
616 2013 669 2088 sui
686 2015 876 2110 temporis,
901 2040 972 2112 quo
997 2017 1142 2089 summus
1166 2015 1360 2110 sapientiae
1384 2033 1422 2089 et
1438 2014 1598 2112 prudeu-

370 2038 446 2186 iiae
471 2112 596 2210 gradus
619 2110 751 2184 solebat
786 2134 866 2184 cum
892 2112 1041 2186 Daniele
1065 2108 1279 2207 comparari,
1320 2110 1454 2208 quippe
1478 2111 1523 2187 ab
1549 2132 1592 2193 ea

372 2207 414 2284 in
439 2207 573 2281 arcanis
601 2228 643 2279 ac
672 2205 841 2281 involutis
870 2208 1082 2296 enodandis,
1114 2227 1152 2279 et
1175 2207 1310 2303 populo
1336 2205 1589 2304 gubernando,

376 2328 419 2380 ac
435 2303 533 2377 felici
552 2301 751 2392 reddendo,
770 2303 1060 2393 celebratiffimo,
1081 2303 1216 2396 jamieo
1237 2321 1410 2397 tempore.
1457 2301 1589 2381 Daniel

373 2400 473 2476 eriim
497 2418 590 2471 anno
620 2401 687 2490 gtio
712 2396 878 2494 Jojalrimi
914 2397 983 2471 fuit
1011 2399 1172 2472 Babelem
1195 2396 1381 2488 abduQa,
1417 2395 1591 2479 revelatio

374 2519 464 2573 vero
488 2495 609 2590 priore
649 2493 730 2565 loco
765 2491 857 2566 faita
888 2491 939 2565 est
963 2492 1143 2567 Ezechieli
1174 2499 1339 2568 annoto
1370 2492 1589 2582 Tsedtkite.

374 2593 533 2687 'adeoque
560 2584 743 2684 postquam
766 2587 937 2661 somnitun
956 2589 1264 2668 Nebucadnezaris
1286 2587 1359 2684 jam
1379 2588 1587 2678 enarraffet,

371 2707 415 2764 et
440 2685 716 2855 infutelppretatpttsst
750 2703 790 2794 et
813 2685 856 2759 ad
879 2684 1045 2861 sommssm
1075 2683 1113 2756 in
1136 2687 1226 2793 aula,
1242 2684 1455 2858 ditiiiitiieli
1484 2707 1589 2764 eveo*
1630 2698 1634 2708 “

418 2808 432 2855 s
495 2799 585 2856 ret.
663 2804 685 2852 0
717 2804 833 2854 errore
862 2803 951 2856 vero
1011 2804 1054 2853 co
1091 2800 1188 2854 contr
1216 2801 1246 2852 tt
1485 2802 1588 2857 reve·

373 2805 462 2952 iiiito
487 2877 614 2948 eodem
639 2898 754 2964 anno,
819 2899 865 2948 uo
888 2875 1135 2972 Hierosolyma
1158 2803 1215 2949 cli
1236 2895 1457 2973 expugnata,
1484 2876 1589 2957 adeo·

368 2996 443 3072 que
468 2991 570 3140 agga}
574 2993 605 3136 I1
616 2900 907 3140 rffiffidlqesskssae
917 2991 1001 3157 {st
1027 2995 1072 3047 ex
1094 2994 1127 3046 c.
1154 2972 1292 3140 lslllll'l:
1321 2995 1353 3044 1.
1382 2990 1589 3149 ρειὲςῑωΔ

446 3121 454 3137 .
592 3119 602 3135 .
775 3084 778 3093 ·
841 3108 844 3112 -
1322 3090 1342 3137 n

364 3067 493 3265 soriis,
519 3159 569 3231 ita
584 3183 629 3232 ex
656 3177 744 3234 voto
769 3122 952 3258 parenituu
967 3085 1332 3258 titird'eniiidiiellaiiiit,
1345 3084 1474 3258 iiiiii?
1547 3162 1590 3241 in

374 3260 457 3332 Deo
476 3254 561 3330 sorti
587 3252 721 3352 posita,
746 3276 945 3346 voverunt,
970 3278 1009 3331 ut
1026 3257 1135 3330 filium
1159 3259 1297 3330 firmum
1314 3258 1459 3348 reddat,
1513 3257 1589 3348 dei,

365 3350 562 3453 ‘religionis
589 3373 631 3425 ac
653 3350 751 3425 vitae
788 3352 947 3448 respectu
956 3406 972 3440 ,.
1010 3353 1069 3427 sed
1094 3372 1132 3425 et
1148 3352 1242 3426 forte
1275 3376 1321 3426 ex
1346 3352 1418 3428 Dei
1450 3355 1591 3435 occule

369 3450 597 3540 diredtione,
630 3465 799 3545 quatenus
823 3447 866 3521 ad
887 3448 1036 3523 arduam
1060 3472 1150 3545 opus
1173 3469 1250 3524 erat
1267 3445 1484 3541 destinatur,
1515 3471 1589 3533 nott

370 3548 448 3620 line
481 3545 642 3656 singulari
670 3544 797 3618 favore
838 3562 876 3616 et
911 3544 1199 3619 corroboratione
1233 3542 1304 3620 Dei
1344 3541 1589 3635 efficiendum,

344 3644 447 3739 ''quo
461 3641 595 3737 respici
618 3639 760 3714 videtur
787 3662 819 3714 c.
846 3640 973 3728 11158,
997 3663 1033 3733 9.
1076 3638 1183 3713 Pilius
1201 3638 1307 3753 liuzi,
1331 3637 1377 3748 de
1400 3664 1472 3750 quo
1499 3640 1591 3723 nihil

374 3736 533 3825 constat,
558 3758 690 3831 genere
713 3755 751 3808 et
764 3758 911 3810 munere
937 3734 1114 3824 sacerdos,
1143 3736 1305 3825 dotibus,
1326 3738 1525 3817 virtutrbtu
1548 3755 1590 3814 et

373 3829 460 3906 fatis
484 3828 751 3919 celeberrimus,
783 3851 825 3905 ut
848 3857 894 3908 ex
918 3830 1008 3905 libro
1030 3830 1105 4001 egos
1129 3831 1233 3903 facile
1259 3829 1458 3926 colligitur,
1488 3830 1590 3911 inter

364 3926 494 4005 ¹exules
512 3925 683 4021 Judaeos,
709 3926 805 4001 circa
813 3928 1025 4003 Chaborram
1066 3951 1192 4024 egens,
1210 3926 1347 4025 incepit
1363 3948 1485 4010 munet
1498 3949 1587 4023 pro·

368 4022 559 4125 pheticum
581 4043 676 4095 anno
698 4039 754 4113 sto
778 4023 1037 4121 deportationis
1062 4022 1278 4121 Jechoniae,
1314 4042 1352 4095 et
1378 4034 1480 4119 gomt'
1495 4044 1587 4119 epo·

360 4116 484 4209 chae,
509 4138 595 4217 quae
622 4139 694 4189 non
720 4119 951 4215 exprimitur,
976 4144 1053 4216 cap.
1080 4122 1109 4194 l:
1139 4144 1172 4210 1,
1201 4143 1233 4195 2.
1258 4139 1296 4192 et
1319 4142 1449 4214 perna
1468 4140 1590 4202 annos

360 4213 413 4289 'in
447 4241 492 4288 eo
523 4211 676 4287 versatus
708 4212 789 4303 est,
837 4213 925 4286 sicut
958 4237 1003 4287 err
1044 4216 1164 4290 ultima
1194 4214 1444 4306 revelatione,
1492 4239 1590 4299 anno

375 4309 504 4426 prioris
535 4307 694 4407 epochae
730 4329 826 4400 aymo
856 4309 987 4381 Ezech.
1020 4310 1160 4386 XXIX:
1189 4333 1245 4405 17.
1280 4309 1455 4387 elucescit.
1504 4310 1590 4395 Fuit

376 4428 493 4503 itaque
519 4429 564 4479 ex
588 4422 687 4501 parte
712 4425 863 4475 coaevus
888 4403 1084 4497 Jeremiae,
1126 4407 1185 4481 sed
1200 4404 1268 4503 -qui
1292 4406 1398 4489 citios
1423 4405 1587 4505 incepit:

356 4507 418 4579 'ab
443 4527 472 4577 a.
503 4506 593 4595 13tio
618 4499 750 4600 Josrae,
775 4518 812 4571 et
836 4497 967 4572 diutius
994 4500 1237 4593 continuavit,
1262 4502 1357 4577 inter
1382 4505 1503 4581 exules
1528 4503 1591 4585 ed·

373 4602 447 4679 'huc
475 4595 556 4701 post
586 4595 794 4676 destrudlam
819 4594 1124 4699 Hierosolymam,
1158 4597 1219 4676 -uti
1247 4619 1376 4689 notum
1401 4599 1473 4685 est.
1511 4599 1592 4686 fied

374 4720 378 4728 .
498 4722 502 4728 .
1502 4718 1595 4796 quae
