3575 5884
239 585 1638 921 -ι-

696 1114 1079 1207 chananaea.
1112 1114 1152 1133 ''
1431 1143 1504 1221 441

281 1308 434 1413 patebit.
481 1309 612 1384 Putant
636 1302 777 1406 quidem
792 1307 915 1399 multi,
939 1307 1010 1383 fide
1023 1303 1218 1384 Aristobuli
1242 1303 1406 1405 alicujus,
1426 1306 1502 1403 jam

278 1412 347 1485 diu
379 1428 483 1482 antea
510 1403 742 1481 Pentateuchi
775 1403 944 1481 exstitiffe
975 1405 1170 1481 versionem
1206 1405 1401 1492 Graecam,
1443 1403 1502 1478 sed

278 1507 358 1581 line
382 1502 611 1577 fundamento
637 1499 769 1590 solido,
810 1500 865 1575 uti
888 1500 1055 1596 probavit
1081 1500 1202 1598 Hody.
1253 1522 1285 1576 2.
1312 1502 1419 1575 Locru
1443 1501 1502 1571 ln·

283 1598 502 1698 terpretibus
515 1596 712 1766 adsignatur
736 1595 851 1673 insula
859 1598 1010 1706 lflraror,
1067 1618 1108 1708 ro
1170 1595 1439 1684 Alexandriam,
1462 1594 1503 1669 in

281 1720 396 1793 quam
421 1715 503 1769 cum
528 1715 566 1767 ιιι
615 1706 697 1766 nem
720 1692 809 1767 milla
835 1689 983 1768 fussent·
999 1716 1020 1767 a
1037 1622 1288 1789 ihaadelplm
1314 1692 1411 1766 cu'us
1428 1690 1502 1765 nul·

285 1797 323 1867 la
346 1791 420 1865 dari
441 1786 560 1886 potest
583 1789 697 1878 ratio,
722 1810 805 1899 cum
829 1785 868 1862 in
894 1786 908 1862 i
934 1787 969 1863 sa
994 1790 1080 1865 urbe
1105 1788 1317 1863 Alexandria
1341 1716 1421 1863 lieri
1438 1810 1503 1896 ‘ae--

286 1910 359 1984 que
382 1883 569 1960 commode
592 1903 770 1981 potuerit,
794 1901 833 1958 et
857 1812 987 1960 rediius
1010 1885 1173 1961 censetur
1196 1886 1240 1957 ab
1257 1883 1505 1959 Alexandrinis

287 1981 432 2081 Judaeis
465 1977 565 2067 facta.
614 1980 741 2053 Tradit
775 1978 917 2076 quidem
949 1979 1051 2056 Philo
1076 1979 1156 2079 Jud.
1188 1978 1226 2053 in
1264 1980 1339 2053 vita
1372 1979 1503 2069 Molis,

284 2081 355 2155 d‘uo
384 2076 499 2151 adhuc
524 2094 685 2170 tempore
720 2076 849 2149 festum
871 2076 919 2150 in·
935 2076 1038 2150 hu'ao
1074 2073 1307 2152 transsationis
1327 2073 1505 2150 memori-

289 2198 352 2249 am
377 2170 477 2251 fuiffe
503 2170 544 2244 in
570 2173 684 2246 Plraro
710 2172 946 2261 celebratum,
971 2101 1030 2246 lied
1054 2172 1207 2260 erravit,
1232 2190 1270 2246 et
1293 2169 1421 2245 festum
1445 2170 1506 2245 ali-

292 2264 391 2366 quod
412 2269 459 2342 M
483 2266 492 2283 ’
575 2290 596 2341 e
620 2288 702 2375 cum
724 2288 770 2342 eo
795 2266 978 2359 confudit,
999 2267 1056 2342 uti
1080 2290 1163 2366 egre
1189 2267 1225 2341 ie
1250 2267 1404 2341 aduertit
1421 2266 1509 2340 ami·

289 2364 469 2472 ciffimur·
499 2418 509 2438 .
543 2360 741 2471 Weffelmg
775 2360 814 2436 in
847 2361 957 2461 Epist
990 2363 1032 2438 ad
1067 2386 1125 2436 me
1159 2290 1206 2436 ie
1236 2362 1384 2460 Aquilae
1417 2362 1509 2435 lra-

291 2477 429 2537 mentae
458 2480 498 2533 m
519 2456 679 2535 Philone.
727 2480 760 2555 3.
786 2460 1003 2557 Interpretes
1037 2459 1179 2557 quidem
1203 2460 1385 2534 traduntur
1407 2386 1509 2534 solie

291 2577 349 2651 γι
375 2550 556 2645 seniores,
582 2576 628 2630 ex
652 2573 720 2627 una
766 2576 855 2651 aque
877 2555 972 2629 tribu
997 2561 1041 2647 6,
1076 2557 1119 2630 ab
1144 2556 1310 2630 Eleazaro
1332 2552 1510 2629 Pontifice

293 2648 421 2739 electi,
458 2672 590 2747 genere
614 2666 653 2722 et
674 2648 837 2725 doctina
870 2649 1036 2740 illustres,
1081 2649 1140 2723 sed
1164 2651 1271 2746 longe
1293 2646 1412 2725 verius
1438 2648 1509 2742 est,

291 2742 554 2833 Alexandrinos
576 2740 866 2840 suffe-ludaeos,
890 2744 1068 2839 utriusque
1091 2744 1231 2842 linguae
1258 2766 1406 2854 gnaros,
1432 2768 1512 2842 qua·

288 2844 348 2917 -les
383 2863 534 2915 numero
557 2861 605 2935 γι
636 2836 710 2912 hoc
741 2857 903 2939 tempore
933 2840 1028 2915 inter
1062 2838 1213 2939 Judaeor
1245 2862 1308 2917 vax
1343 2841 1514 2919 credibile

292 2935 352 3010 est
377 2933 503 3024 suisse3
542 2935 579 3009 su
603 2931 822 3011 erstitionem
853 2960 994 3034 quoque
1022 2936 1111 3033 sapit
1143 2935 1271 3013 elefflo
1304 2944 1329 3012 6
1352 2938 1512 3019 virorum

293 3055 348 3104 ex
373 2960 711 3136 singulir'triiubus,
736 3053 904 3108 necnon
929 3054 976 3127 72
1003 3031 1162 3109 virorum
1188 3054 1370 3126 nomem,
1404 3056 1444 3113 ut
1468 3036 1511 3111 ad

292 3147 351 3235 qa
377 3126 560 3218 seniores,
590 3125 716 3226 spiritu
743 3128 815 3203 Dei
841 3148 1002 3215 ornator,
1036 3145 1074 3204 et
1095 3126 1192 3203 Mofi
1216 3129 1418 3224 adjunctos,
1453 3135 1511 3209 vel

292 3244 339 3299 ιιι
371 3237 530 3297 montem
556 3221 655 3297 Sinai
682 3243 762 3295 cum
794 3246 840 3299 eo
873 3222 1054 3314 admissos,
1094 3224 1160 3302 Ex.
1193 3225 1330 3302 XXIV.
1364 3227 1511 3302 ducere·

289 3335 377 3407 rur,
401 3335 440 3391 et
462 3316 633 3393 autoritas
657 3317 826 3394 versionis
848 3321 960 3417 major
985 3319 1206 3396 redderetur:
1233 3321 1297 3397 uisi
1324 3321 1406 3421 quis.
1422 3324 1513 3409 velit

293 3434 432 3488 nomen
455 3413 555 3486 LXX
574 3413 918 3510 Interpretuminde
943 3414 1046 3490 fuiffe
1068 3434 1205 3504 ortum,
1230 3417 1325 3511 quod
1344 3416 1514 3513 deinceps

293 3530 320 3584 a
345 3505 518 3678 Slynedrio
541 3509 621 3603 M.,
652 3532 707 3591 ex
738 3528 794 3589 tot
817 3509 905 3589 viris
938 3510 1140 3602 constante,
1181 3510 1289 3588 fuerit
1320 3510 1514 3614 adprobata

291 3625 361 3680 ver
375 3626 422 3678 ιο.

298 3749 301 3752 -
345 3699 378 3799 5.
402 3701 694 3779 CCCCXXXVI.
727 3724 764 3796 4.
789 3702 954 3781 Fabulosa
976 3704 1129 3782 narratio
1163 3703 1235 3780 sese
1259 3704 1369 3804 magis
1391 3707 1516 3805 prodit

296 3793 1285 3973 lllffllllzllll‘lllzll‘mllllllllsslll
1322 3803 1512 3974 {llll

298 3986 345 4062 ad
383 3987 570 4063 ornandam
598 3951 884 4082 BibliothecamJ
931 3991 1028 4068 libris
1062 3991 1249 4068 Canonicis
1280 3954 1513 4094 iudaeorum:

301 4084 443 4156 Graece
469 4084 595 4175 vel'fiS,
627 4084 766 4161 ineam
791 4086 1020 4180 introductis,
1054 4090 1286 4167 honorificam
1320 4089 1443 4164 misrffc
1470 4093 1513 4165 ad

299 4178 504 4253 Eleazarum
520 4182 750 4290 Pontificem,
779 4207 945 4258 unacum
969 4186 1190 4280 muneribus,
1215 4185 1448 4283 legationem,
1475 4209 1514 4261 et

298 4277 348 4347 ab
373 4297 417 4347 eo
439 4273 643 4372 suppltcaffe
669 4282 766 4354 uiros
790 4279 948 4376 peritos,
976 4281 1036 4380 qui
1061 4282 1172 4358 Biblia
1195 4283 1233 4357 in
1252 4283 1422 4355 Graecam
1449 4282 1515 4355 lin-

302 4372 654 4466 guamtransferant.
688 4373 868 4471 Ejusmodi
884 4376 981 4451 enim
1004 4381 1037 4454 le
1084 4379 1156 4469 tio,
1186 4395 1223 4450 et
1239 4375 1398 4452 submilla
1422 4375 1513 4474 peti·

301 4464 506 4575 rio,nlongc
532 4469 645 4546 aliena
671 4471 765 4546 esta
790 4495 874 4569 rege
890 4474 1081 4574 AEgyptr,
1106 4469 1304 4646 cuidudaei
1329 4473 1513 4577 erantob·

300 4582 422 4663 noxia,
453 4581 491 4635 et
514 4589 536 4640 a
560 4564 652 4644 statu
676 4565 795 4649 servili
819 4570 1049 4670 Judaeorum:
1091 4568 1144 4646 uti
1203 4567 1270 4642 cue
1291 4564 1515 4660 intelligitur.

347 4653 435 4730 Tora.
461 4658 512 4735 Il.
885 4662 989 4738 'Kklr
1333 4662 1518 4745 Praeterea
