3575 5884
643 1083 812 1161 remos
837 1084 977 1172 Olim.
1011 1105 1076 1131 ··’
1361 1109 1435 1205 552
1522 1174 1527 1185 ,

203 1278 404 1343 truncatus.
463 1261 547 1360 Quo
582 1261 713 1339 scelere
747 1284 941 1361 propterea
975 1288 1003 1339 a
1031 1264 1160 1341 Felice·
1183 1264 1221 1366 in
1247 1265 1350 1343 unito
1380 1264 1434 1339 di·

205 1364 332 1452 millo,
359 1360 474 1432 crevit
502 1359 702 1436 ficariorum
727 1361 869 1436 audacia
893 1373 967 1435 n'on
996 1379 1154 1453 tantum,
1177 1291 1248 1436 seni
1261 1382 1298 1435 et
1325 1388 1352 1435 a·
1387 1362 1434 1437 ri·

207 1458 377 1536 moribus
385 1455 598 1551 Judaeorum
617 1455 761 1529 subinde
780 1457 946 1531 condutti
964 1457 1065 1551 sunt,
1091 1458 1135 1554 ad
1153 1481 1215 1532 eos
1234 1481 1347 1532 necan
1373 1481 1433 1563 os,

207 1580 295 1654 quos
322 1575 342 1625 e
368 1551 486 1624 medio
511 1550 859 1628 {volebantsublatos
884 1555 956 1650 Jos,
991 1555 1014 1628 l.
1039 1576 1071 1629 c.
1104 1553 1166 1652 qui
1191 1550 1309 1645 addit,
1342 1575 1434 1633 non·

207 1653 322 1727 nullos
346 1647 384 1718 in
411 1646 488 1743 ipso
514 1648 672 1741 Templo
704 1646 806 1720 fuiffe
833 1648 991 1740 occisos,
1032 1670 1071 1722 et
1100 1671 1288 1749 propterea
1315 1653 1435 1729 Deum

208 1746 311 1822 soille
329 1745 499 1839 populum
523 1745 738 1832 aversarum,
764 1767 845 1816 cum
864 1745 1057 1842 Templum
1073 1768 1146 1819 non
1173 1743 1320 1845 amplius
1337 1769 1434 1823 man·

207 1843 292 1917 serit
326 1862 471 1935 purum,
513 1859 551 1912 et
586 1841 755 2007 populum
790 1840 828 1914 in
863 1864 984 1915 manus
1012 1843 1256 1923 Romanorum
1290 1842 1433 1921 dediss‘e'.

208 1939 289 2042 Qua
310 1933 450 2008 ratione
475 1936 591 2030 Temp
607 1961 663 2010 um
681 1936 844 2032 spelunca
868 1940 1049 2028 latronum,
1075 1956 1116 2011 ut
1142 1937 1237 2013 dixit
1255 1938 1433 2032 Christus,

210 2036 283 2110 elle
324 2030 456 2103 eximie
496 2030 629 2128 coepit.
685 2031 821 2106 Exarsit
853 2053 1037 2128 praeterea
1079 2034 1174 2109 inter
1206 2034 1360 2134 Judaeos
1395 2050 1435 2117 et

209 2125 373 2205 Gentiles
400 2126 607 2200 Caesaraeae
635 2129 821 2218 tumultus,
855 2129 961 2219 dum,
995 2129 1130 2205 effetne
1162 2130 1347 2205 caesaraea
1371 2130 1434 2229 Ju·'

207 2229 375 2301 dacorum
410 2243 453 2294 an
480 2222 676 2296 Gentilium
702 2226 802 2313 urbs,
842 2223 960 2297 seeum
996 2226 1126 2300 acriter
1160 2226 1430 2305 contenderent

207 2319 315 2427 Quod
340 2318 467 2391 bellum
497 2340 575 2391 cum
601 2319 719 2405 Felix,
749 2317 932 2416 puniendo
955 2318 1158 2411 seditiosos,
1192 2321 1316 2397 frustra
1344 2318 1433 2405 esset'

205 2434 355 2491 conatus
388 2412 522 2502 finire,
563 2416 671 2510 legati
705 2418 747 2488 ab
781 2434 927 2511 utraque
962 2434 1063 2511 parte
1092 2417 1244 2491 Romam
1276 2415 1319 2493 ad
1353 2416 1433 2488 Ne'ss

204 2534 333 2588 sonem
360 2508 447 2582 missi
476 2509 572 2585 sunt:
599 2510 678 2600 sed,
703 2511 787 2586 licet
804 2512 905 2583 Felix
929 2510 1039 2584 fuerit
1062 2532 1273 2603 revocatus,
1308 2512 1432 2593 secure

207 2610 290 2684 dum
317 2605 501 2693 Gentiles,
529 2630 636 2702 opera
660 2608 841 2692 Pallantis,
866 2604 982 2679 fratris
1007 2607 1186 2697 Neronis,
1217 2628 1254 2681 et
1278 2604 1431 2703 Burrhi,

206 2701 366 2800 magistri
394 2703 571 2789 Neronis,
597 2721 634 2774 et
661 2703 695 2774 ei
720 2698 904 2775 eGraecis
931 2698 1107 2798 epistolis,
1134 2720 1252 2775 tamen
1268 2724 1429 2798 pronun·

205 2802 339 2876 ciatum
363 2795 435 2886 est,
469 2813 507 2869 et
532 2796 672 2893 Judaeis
693 2797 748 2893 jus
770 2795 928 2871 civitatis
952 2796 1151 2869 ademtum:
1187 2795 1281 2870 unde
1332 2795 1431 2882 rom,

204 2922 261 2973 ma
283 2896 452 2968 malorum
478 2893 593 2987 gentis
641 2893 771 2965 udaeae
794 2891 898 2965 initia
925 2891 1057 2988 repetit
1084 2891 1155 2988 Jos.
1182 2894 1268 2968 Ant.
1328 2896 1373 2970 X.
1419 2908 1427 2918 ’

216 3067 223 3073 ,
254 2991 287 3091 §.
314 2990 561 3064 DXXXVlll.
640 3012 685 3061 uo
711 2989 916 3084 perturbato
949 2987 987 3059 in
1013 2985 1104 3060 statu
1129 3012 1210 3062 eum
1233 2990 1361 3084 Judaea
1377 2986 1430 3064 es·

203 3090 280 3178 set,
303 3085 346 3159 ad
370 3109 445 3158 eam
472 3084 588 3158 missus
646 3089 751 3157 orcius
775 3080 907 3180 Festus,
933 3105 977 3155 ex
996 3082 1091 3156 Pauli
1117 3082 1263 3157 historia
1287 3109 1429 3184 quoque

204 3203 332 3272 notus,
362 3204 503 3254 omnem
533 3178 698 3275 inpendit
721 3202 863 3276 operam
893 3180 1064 3276 populum
1090 3203 1111 3254 a
1136 3181 1347 3273 latronibus,
1386 3185 1429 3261 er

204 3278 355 3367 ficariis,
385 3274 576 3351 liberando.
625 3277 801 3371 Oppreffit
825 3299 894 3371 quo
921 3299 964 3349 ue
988 3272 1288 3374 praestigiatorem
1314 3300 1426 3372 quen·¹

206 3378 307 3462 dam,
340 3371 400 3470 qui
424 3395 471 3467 po
498 3372 611 3459 ulum,
636 3371 735 3444 vanis
765 3300 938 3467 promiliis
959 3369 1180 3445 liberationis
1206 3373 1421 3464 deceptum,

204 3473 324 3548 seeum
352 3472 390 3541 in
418 3467 642 3541 sohtudinem
679 3485 852 3556 traxerat,
890 3492 911 3540 a
935 3464 1104 3540 militibus
1137 3490 1203 3539 una
1228 3487 1309 3538 cum
1333 3464 1424 3541 illis'

202 3565 263 3667 qui
279 3572 362 3640 eum
377 3563 538 3637 comitati
557 3581 675 3653 erant,
701 3562 940 3636 interfectum.
989 3559 1143 3658 Excepit
1168 3560 1300 3657 ipsum,
1326 3585 1423 3639 mor·

201 3685 241 3739 te
265 3664 470 3758 abreptum,
495 3662 655 3747 Albinus,
684 3657 742 3732 vir
761 3681 881 3732 avarus
907 3677 944 3730 et
969 3655 1110 3747 saevus,
1135 3660 1240 3752 aquo
1265 3657 1342 3755 ipso
1366 3661 1421 3737 Si·

202 3759 311 3846 carii,
350 3756 468 3829 multis
497 3754 628 3830 artibus
652 3753 829 3828 licentiam
863 3750 1030 3827 nefariam
1057 3752 1150 3826 suam
1176 3771 1288 3827 artem
1318 3778 1420 3846 exer·

200 3854 309 3932 cendi
333 3852 573 3949 inpetrarunt,
607 3852 677 3947 Jos.
701 3851 787 3924 Ant.
813 3850 894 3923 XX:
918 3871 952 3938 9.-
994 3831 1246 3945 in'principio
1298 3852 1426 3944 uidem,

199 3955 375 4039 latrones,
410 3966 584 4044 quotquot
607 3946 827 4043 prehendere
851 3942 993 4040 potuit,
1024 3945 1146 4018 severe
1172 3945 1333 4042 punivit,
1358 3946 1419 4024 sed

200 4045 404 4122 audaciores
431 4041 535 4131 fatti,
577 4061 614 4114 et
646 4045 768 4116 urbem
807 4040 999 4129 intrantes,
1038 4037 1263 4129 Eleazarum,
1302 4038 1421 4117 filium²
1464 4090 1466 4092 -

199 4141 340 4229 Ariani,
365 4139 424 4236 qui
447 4137 608 4236 proxime
634 4137 748 4211 fuerat
772 4135 957 4223 Pontifex,
983 4158 1175 4233 ceperunt,
1199 4158 1266 4211 nec
1294 4134 1415 4211 dimit·

199 4258 276 4314 tere
301 4237 510 4322 voluerunt,
537 4232 600 4307 nisi
625 4233 808 4330 postquam
835 4258 880 4307 10
905 4230 1007 4305 sociis
1032 4232 1184 4329 captivis
1216 4229 1420 4310 libertatem

225 4351 423 4409 rocuraret:
456 4332 549 4426 quod
575 4353 639 4426 per
669 4331 835 4404 Albinum
863 4328 1013 4425 pecunia
1048 4343 1250 4419 corruptum
1277 4327 1414 4410 effecit.

200 4434 287 4532 Quo
309 4426 440 4503 sedium
467 4425 537 4515 est,
572 4445 611 4499 ut
634 4424 708 4521 ipse
732 4428 962 4513 Procurator,
1003 4448 1043 4498 ea
1071 4420 1206 4494 ratione
1236 4421 1418 4503 dimittere

200 4527 329 4604 eodem
365 4523 487 4627 pretio
525 4521 688 4601 debuerit
722 4547 809 4621 quos
851 4539 995 4620 ceperat
1032 4519 1193 4595 latrones.
1253 4521 1420 4601 Cetemm'

731 4619 904 4709 naara,
1315 4635 1422 4714 aegro
