3575 5884
533 1212 538 1221 .
608 1144 771 1223 'Periodiii
793 1142 939 1251 Quinta.
1329 1169 1404 1243 279
1452 1086 1455 1091 Ι

193 1332 401 1423 succesiores
433 1326 578 1402 fuerunt
600 1325 802 1416 Perdiccas,
827 1330 961 1402 Araeos
986 1327 1043 1403 vel
1073 1327 1229 1425 Argeus,
1263 1324 1397 1423 Philip·

166 1459 169 1463 ·
211 1463 261 1523 us,
280 1431 475 1523 AEropus,
495 1425 656 1530 Alcetas,
673 1425 864 1520 Amyntas,
884 1425 945 1521 qui
964 1425 1076 1499 Dario
1095 1421 1298 1522 Hystaspis,
1319 1423 1394 1517 rugi

189 1462 377 1614 lasarum,
402 1547 519 1628 aquam
543 1519 641 1627 dedit
666 1538 704 1590 et
733 1537 877 1609 terram,
907 1521 1129 1610 Alexander,
1151 1519 1211 1617 qui
1238 1536 1397 1613 ternpore

187 1625 329 1712 Xerxis,
355 1620 545 1693 Graeciam
560 1613 782 1705 iuiadeutis,
805 1615 929 1705 ¹xiiiiit,
952 1617 1159 1707 Perdiccas,
1183 1614 1397 1703 Archelaus,

185 1728 377 1821 Amyntas,
401 1712 602 1808 Philippus,
628 1710 827 1785 Alexander
847 1714 905 1787 M.
954 1714 1110 1787 Fuerunt
1134 1731 1251 1787 autern
1276 1735 1296 1783 a
1324 1710 1398 1783 Te·

182 1805 1396 2004 ifiaiittlbal‘iieahim,auiiiiiaa

226 1975 235 1989 ·
567 1958 580 1994 a
698 1958 708 1976 ·
780 1960 790 1978 ·
923 1960 935 1994 i
1384 1943 1400 1961 ⁸

181 2015 222 2090 lit·
242 2010 387 2085 Pellam.
816 2078 819 2083 ,
1263 2048 1265 2054 -

198 2108 257 2207 ·§.
283 2095 533 2177 ccmxv.
557 2091 788 2167 Transeamus
813 2091 852 2167 in
882 2092 1039 2185 ltaliam,
1064 2114 1101 2168 et
1127 2097 1300 2185 Romam,
1336 2096 1406 2170 hac

209 2199 334 2277 crioilo
357 2189 562 2278 conditam,
584 2188 623 2263 iri
645 2188 771 2286 primis
787 2187 989 2281 lustremus,
1014 2191 1201 2274 cumhinc
1225 2192 1277 2267 ori
1308 2192 1401 2265 inem

180 2314 322 2397 repetat
352 2283 503 2401 celebris
522 2286 659 2394 Ronrae
686 2284 851 2359 conditae
874 2309 968 2361 aera.
1014 2286 1251 2385 Antiquillinii
1277 2217 1400 2361 italiae
1421 2276 1530 2331 ΜΝ

180 2418 219 2472 et
242 2388 344 2467 Latii
371 2383 506 2459 incolae
523 2380 613 2454 diali
637 2380 716 2456 sunt
734 2382 954 2477 Aborigines,
979 2380 1040 2457 sed
1064 2408 1136 2480 quo
1160 2382 1304 2457 nomine
1330 2405 1411 2461 non.

180 2509 305 2567 certus
325 2478 445 2579 aliquis
467 2478 640 2586 populus,
672 2474 731 2552 sed
757 2479 960 2575 quicunque
989 2478 1149 2578 regionis
1170 2479 1315 2576 alicujus
1341 2502 1404 2552 an·

182 2578 366 2686 tiquiffiini
397 2594 435 2649 et
469 2596 578 2673 pruni
609 2574 745 2649 incolae
777 2572 903 2651 venire
937 2572 1063 2651 solent.
1118 2575 1242 2650 Postea
1276 2574 1413 2650 diverfi.

183 2678 325 2858 generis
345 2671 471 2773 populi
495 2693 543 2743 eo
564 2688 764 2757 venerunt3
790 2691 823 2745 i.
850 2669 1004 2767 Pelasgi,
1030 2669 1211 2745 Thellalia
1233 2671 1364 2782 expulsi
1386 2695 1411 2746 a

219 2804 238 2853 e

239 2772 425 2858 ucalione,
469 2789 502 2841 a.
526 2763 655 2872 Siculi,
690 2762 880 2863 Scythicae
907 2763 999 2839 forte
1035 2766 1202 2862 originis,
1237 2792 1296 2864 qui
1322 2767 1409 2843 dein

185 2872 313 2974 expulsi
335 2864 538 2942 resederunt
556 2860 592 2934 in
612 2859 750 2950 Sicilia,
777 2882 809 2953 3.
837 2858 1017 2950 Ausones,
1043 2860 1181 2935 vicinae
1209 2887 1289 2936 cuin
1308 2863 1408 2939 Sicu·

185 2975 224 3047 lis
240 2965 411 3063 originis,
437 2957 545 3066 etiarn
571 2953 679 3063 Opici
702 2978 724 3028 a
750 2953 913 3045 Graecit,
940 2975 977 3029 et
995 2955 1078 3031 Osci
1104 2958 1275 3033 alatinis
1300 2960 1409 3035 dicii:

187 3069 278 3144 unde
293 3059 380 3137 varii
407 3055 531 3223 populi
546 3056 742 3138 Samnites,
763 3049 905 3139 Sabini,
932 3052 1069 3159 etalii,
1099 3055 1265 3164 prognati
1290 3057 1411 3131 ferun.

188 3145 1412 3352 lhsn{³¹hitlldlllz0aissallalll?Pallillllel:

197 3358 254 3432 ia'n.
280 3353 321 3428 in
336 3342 490 3430 Arcad,
530 3362 564 3449 5.
590 3340 774 3447 Denique,
801 3356 842 3410 ut
858 3340 944 3412 alios
962 3340 1119 3431 mittam,
1146 3343 1319 3438 Trojani,
1345 3345 1410 3416 du-

198 3451 397 3530 re-AEnea,
423 3434 600 3511 Anchisae
624 3435 701 3508 filio
726 3451 763 3507 et
783 3434 958 3525 Veneris,
985 3457 1026 3510 ut
1053 3439 1189 3526 fertur,
1219 3460 1304 3510 mox
1330 3434 1414 3531 post¹

197 3547 320 3645 Trojae
337 3532 542 3615 excidium,
567 3529 706 3639 quando
731 3527 838 3604 etiarn
858 3530 1043 3622 Antenor,
1069 3532 1195 3605 itidein
1214 3531 1414 3625 Trojanus,

198 3639 357 3743 aljundlis
371 3629 436 3706 fibi
453 3631 630 3736 Henetis,
653 3624 914 3723 Paphlagoniae
956 3652 978 3698 0
1003 3630 1083 3716 ulo,
1103 3650 1148 3698 eo
1165 3629 1354 3718 concellit,
1374 3646 1417 3721 et

198 3740 353 3817 Venetos
377 3750 446 3829 pro
472 3732 615 3833 agavitt'
638 3732 678 3831 iit
704 3722 866 3829 Stiab3l.
892 3653 993 3828 llll.
1019 3741 1057 3796 et
1081 3721 1144 3798 liii.
1177 3725 1202 3798 l.
1227 3725 1256 3798 1.
1272 3747 1323 3797 ac
1353 3724 1415 3801 alii
1538 3766 1541 3772 ·

197 3837 338 3913 tradunt
386 3829 410 3900 S
489 3818 685 3916 aliquandiu
714 3835 865 3891 anteiri
894 3819 1028 3892 Itaham
1053 3839 1225 3894 venerant
1253 3820 1416 3919 Tyrrhe·

194 3934 243 4026 iii,
265 3930 329 4021 seu
346 3917 537 4005 Hetnisci,
564 3938 609 3989 eir
627 3915 714 3989 urbe
730 3912 865 4010 Lydiae
884 3913 1027 4010 Tyrrha
1045 3914 1082 3990 in
1098 3916 1193 4006 Asia.
1239 3917 1298 3991 De
1315 3917 1417 3993 hisce

194 4028 350 4106 omnibus
382 4015 456 4092 uid.
491 4009 632 4120 Rykius
669 4010 715 4087 de
743 4013 864 4116 primis
900 4012 1014 4084 incolis
1042 4011 1176 4089 ltaliae.
1221 4013 1414 4108 Sunt-qui·

192 4127 288 4217 deni,
311 4116 369 4195 uti
395 4113 538 4186 fuerunt
567 4107 670 4195 olim,
697 4128 757 4200 qui
783 4103 828 4177 de
856 4104 1014 4191 AEneae·
1037 4125 1075 4180 et
1094 4108 1332 4207 Trojanoruin
1353 4106 1415 4199 ad·.

188 4242 301 4299 ventu
326 4216 365 4290 in
391 4202 728 4311 ltaliamdubitant,
754 4200 813 4274 vel
838 4220 877 4273 et
892 4222 1046 4301 negant,
1069 4203 1128 4278 sed
1153 4225 1279 4281 contra
1297 4203 1417 4278 Vete-v

187 4342 263 4396 rum
290 4307 513 4392 constantem
537 4298 788 4406 traditioneni.
830 4296 1015 4382 Romanos
1037 4299 1106 4376 effe
1135 4302 1274 4396 origine
1303 4296 1417 4374 Grae·

185 4440 269 4505 cos,
292 4414 352 4489 seu
368 4400 549 4485 AEtolos,
567 4418 613 4467 cx
631 4391 711 4466 Asia
728 4416 866 4467 minore
886 4394 1092 4489 transsatos,
1112 4422 1134 4470 e
1151 4398 1314 4491 linguae,
1337 4418 1418 4468 mo-

179 4538 283 4601 mm,
314 4505 527 4590 aliarumque
553 4513 668 4564 rerum
694 4490 970 4583 convenientia,
998 4518 1040 4569 ac
1067 4511 1229 4566 autorum
1256 4488 1418 4565 testimo·

154 4598 283 4697 niis,
298 4587 569 4701 nupererudite
585 4586 783 4688 disputavit·
795 4589 993 4673 Pelloutier
1008 4587 1047 4665 in
1069 4584 1164 4662 Hist.
1189 4584 1298 4659 Acad.
1319 4586 1375 4659 Re
1403 4636 1417 4659 .

171 4700 450 4793 mannaim.
473 4684 562 4783 Vll,
769 4684 914 4779 Mm4
1082 4680 1114 4783 q.
1141 4604 1413 4759 CCLXXXVl.
