3575 5884
660 1158 816 1237 ueritus
838 1157 959 1238 Serta
1063 1153 1071 1167 '
1341 1166 1443 1262 m

195 1335 280 1457 p'ost
297 1360 527 1418 zuannorum
535 1337 808 1430 Pontificatum,
831 1343 944 1417 Simon
959 1341 992 1415 1.
1004 1394 1017 1450 t
1036 1336 1150 1438 justus
1165 1335 1352 1443 adpellari,
1373 1342 1427 1445 ob
1474 1331 1479 1354 ²

191 1437 354 1537 justitiae
379 1436 554 1527 studium,
596 1434 739 1526 solitus,
801 1460 883 1511 uem
907 1435 1014 1534 alian
1047 1437 1214 1535 pudendo
1237 1436 1426 1537 parachro-

194 1534 313 1613 nismo
350 1557 432 1611 cum
467 1533 632 1621 Simone,
671 1533 759 1608 Luc.
777 1461 835 1606 ll.
869 1532 1119 1608 confuderunt.
1168 1533 1335 1609 Traditio
1364 1534 1428 1630 Ju.

196 1633 302 1710 daica
323 1629 452 1718 habet,
492 1650 576 1704 eum
604 1627 708 1704 fuille
733 1627 896 1707 ultimum
932 1628 1092 1704 unorum
1118 1651 1189 1704 120
1214 1633 1425 1729 synagogae

196 1731 284 1819 M,
314 1724 409 1803 unde
436 1722 509 1800 Vir
531 1722 664 1800 eximie
688 1723 826 1800 nouus
847 1725 1021 1802 Prideaux
1045 1723 1205 1823 colligit,
1243 1730 1426 1802 Cononem

196 1825 253 1900 V.
279 1820 348 1914 T„
391 1822 435 1899 ob
458 1821 542 1897 Esra
573 1819 778 1919 inceptum,
817 1844 884 1919 per
907 1819 1109 1896 Simeonem
1141 1820 1242 1902 soille
1271 1823 1429 1928 comple-

199 1938 300 2009 tum,
325 1915 454 1995 additis
476 1914 578 1991 libris
600 1917 756 2011 Chron,
788 1918 913 2009 Esrae,
945 1915 1173 2008 Nehemiae,
1204 1916 1364 1994 Estherit
1386 1922 1448 1995 et'
1578 1933 1581 1937 '

196 2013 413 2095 Malachiae.
463 2011 571 2117 Quod
595 2011 708 2088 solido
724 2032 821 2089 caret
844 2012 1099 2103 fundament03
1125 2032 1164 2088 ut
1190 2032 1248 2103 et,
1274 2013 1355 2112 post
1371 2013 1427 2115 ip-

197 2114 277 2190 sum
301 2106 458 2210 coepiffe
484 2111 699 2218 traditionum
720 2109 872 2183 studium
896 2109 1130 2218 invalescere,
1161 2127 1206 2184 et
1226 2110 1430 2202 nouom,

200 2209 251 2285 lic
271 2206 384 2316 didos
399 2203 625 2314 Miscluu'cot,
650 2205 751 2313 futile
777 2226 890 2315 ortos.
935 2205 1089 2280 Praefert
1114 2228 1195 2281 atrn.
1223 2230 1280 2281 11.
1326 2205 1427 2289 Reli·

199 2300 1267 2478 lllllffltffllldfflllt.lssllf'sllmtldllllfi
1292 2301 1431 2475 uu:

202 2499 259 2572 V.
285 2496 335 2571 T.
357 2491 409 2570 cst
427 2490 611 2582 confecia,
636 2489 766 2591 dequo
791 2451 931 2592 posted:
957 2421 1111 2591 praeluit
1135 2516 1216 2570 ann.
1242 2515 1301 2590 23.
1342 2496 1430 2570 Suc·

203 2592 306 2669 cellit
314 2645 328 2685 ,
349 2589 547 2689 praeterito
572 2586 686 2663 adhuc
712 2587 826 2680 Onia,
852 2588 933 2758 (Rue
956 2590 1073 2665 minut
1096 2607 1198 2692 aptot
1224 2607 1326 2666 tanto
1352 2614 1429 2664 mu·

204 2687 285 2764 neri
317 2686 548 2774 censebatur,
592 2683 715 2780 utique
748 2686 819 2783 Jos.
890 2704 941 2759 nt.
975 2686 1060 2758 Xll.
1092 2707 1173 2758 eum
1203 2684 1293 2760 dicit
1327 2684 1432 2763 suillo

201 2776 326 2884 (ραχὺ
347 2780 400 2862 olo
424 2777 576 2868 διάνοιαι,
602 2780 779 2879 Manafft,
801 2798 947 2878 patruus
962 2777 1156 2872 Eleazdris,
1178 2791 1431 2879 peremto,
1481 2847 1486 2856 .

207 2878 352 2977 qnando
373 2877 515 2953 tandem
530 2879 638 2953 Onias
661 2876 717 2951 Η.
740 2875 990 2952 Pontificatum
1005 2874 1167 2975 accepit,
1191 2901 1256 2976 per
1278 2902 1358 2957 ann.
1382 2886 1433 2972 6,

203 2976 273 3053 l'ed
301 2973 394 3047 male
419 2970 693 3062 administravit,
737 2991 774 3047 et
802 2975 970 3071 populum
1006 2995 1071 3069 per
1095 2972 1278 3050 avaritiam
1308 3000 1350 3053 ac
1376 2976 1432 3051 so-

208 3067 372 3145 cordiam
394 3068 487 3144 suam
511 3068 549 3146 in
575 3090 719 3167 magnas
746 3068 905 3164 conjecit
930 3065 1122 3167 angustias,
1147 3069 1210 3146 sub
1228 3073 1434 3154 Ptolemaeo

209 3164 461 3263 Philopatore,
501 3183 539 3241 et
563 3187 656 3254 non,
699 3183 740 3239 ut
764 3164 834 3261 Jos.
860 3163 987 3254 habet,
1028 3163 1151 3240 stnon
1177 3164 1220 3241 stt
1244 3189 1439 3266 corruptor

208 3265 333 3351 locus,
369 3260 463 3363 qnod
487 3258 723 3361 probabilius,
755 3284 835 3335 cum
859 3260 942 3335 alias
966 3258 1029 3334 srbi
1053 3261 1128 3358 ipse
1151 3266 1436 3357 contradiceret,

208 3359 272 3438 sub
296 3360 499 3457 Euergete,
537 3375 579 3431 ut
605 3356 677 3432 Vir
699 3355 837 3432 Doctus
859 3356 903 3431 ad
928 3359 1059 3430 Marm.
1088 3360 1208 3432 Oxon.
1230 3385 1267 3458 p.
1294 3361 1324 3434 I.
1357 3360 1434 3455 jam

209 3453 478 3532 demonstravit.
525 3453 746 3549 Neglexerat
772 3452 900 3541 Onias,
940 3477 1025 3551 prae
1049 3452 1216 3540 avaritia,
1257 3470 1295 3526 et
1321 3476 1434 3550 pecu·

209 3554 349 3628 uiarum
370 3547 688 3626 coacervandamm
716 3549 753 3623 in
780 3548 961 3646 proprium
987 3549 1083 3621 usum
1109 3547 1245 3635 studio,
1271 3550 1349 3648 regi
1368 3552 1433 3629 tri.

211 3651 338 3726 butum
362 3670 410 3721 20
433 3647 648 3721 talentorum
671 3665 822 3719 annuum
847 3645 1022 3739 pendere,
1065 3667 1179 3741 eoque
1206 3642 1269 3721 fibi
1303 3666 1342 3722 et
1367 3674 1438 3749 po·

211 3746 301 3845 pulo
320 3742 563 3820 concitaverat
578 3739 663 3816 iram
680 3743 813 3835 Regis,
839 3738 920 3837 qui,
945 3739 1046 3814 millo
1061 3740 1219 3838 Legum,
1241 3736 1435 3838 tributum',

214 3845 278 3919 sub
313 3837 481 3941 gravibus
514 3836 638 3926 minis,
678 3836 933 3933 postulaverat,
974 3836 1040 3911 abs
1056 3861 1099 3910 ue
1133 3855 1173 3909 ut
1203 3839 1312 3916 Onias
1335 3869 1440 3921 auree

212 3936 429 4038 praebuerit.
478 3933 560 4045 Quo
594 3955 711 4007 rerum¹
742 3933 832 4006 statu
865 3934 999 4028 populo
1031 3861 1203 4008 luccurrit
1240 3938 1436 4037 Josephus,

212 4057 332 4132 nepos
364 4030 500 4120 Oniae,
536 4029 677 4126 juvenis
710 4028 870 4125 quidem,
912 4030 970 4103 sed
1004 4029 1190 4124 prudentia
1227 4058 1271 4106 ac
1299 4034 1435 4128 justitia

214 4131 289 4231 jam
307 4127 368 4204 vir
394 4123 561 4214 celebris,
587 4143 625 4198 et
649 4127 781 4224 populo
806 4144 935 4223 gratus.
984 4126 1077 4233 Qui,
1106 4151 1188 4203 ,cum
1216 4128 1328 4202 Oniae
1354 4155 1441 4208 aua·

215 4227 338 4319 titiam
364 4246 407 4298 ae
432 4221 627 4297 socordiam
655 4220 781 4297 frustra
805 4242 974 4297 excutere
1000 4223 1186 4314 tentnss'et,
1212 4223 1286 4318 ipse
1311 4231 1436 4325 populi

182 4378 187 4387 .
217 4318 390 4397 mnscnsu
415 4321 633 4416 Allgypturn
665 4319 804 4414 petiit,
848 4318 1029 4418 postquam
1064 4322 1214 4414 legatum
1238 4319 1355 4416 Regis'
1378 4326 1439 4399 sua

216 4417 390 4494 comitate
424 4435 460 4492 et
483 4415 691 4492 liberalitate
720 4413 783 4488 fibi
816 4416 1046 4508 devinxillet,
1087 4418 1225 4520 Regem
1255 4417 1360 4508 adiit,
1400 4438 1440 4493 et
1598 4491 1600 4496 .

216 4516 272 4592 sat
294 4513 438 4612 copiosa
468 4510 620 4611 pecunia
653 4531 778 4586 mutuo
812 4534 980 4610 accepta,
1016 4535 1060 4586 ac
1088 4531 1163 4615 regi
1186 4507 1285 4621 data,
1325 4513 1444 4681 lpsum

216 4633 297 4692 uon
320 4627 459 4689 nntium
480 4609 656 4710 placavit,
680 4609 740 4689 sed
759 4609 946 4794 sigehahdeao
968 4609 1007 4684 in
1030 4620 1177 4703 gruttam
1195 4627 1270 4702 eJus
1291 4609 1329 4684 in
1344 4634 1448 4809 mvn&
