3575 5884
548 940 554 1013 ζ
664 922 820 1007 Putidus
841 922 968 1020 Sertei⁴
1114 883 1121 895 „
1346 950 1425 1031 4η

188 1122 315 1205 putor,
340 1101 449 1183 etiam
480 1072 651 1202 Tryphon,
677 1108 725 1181 ob
754 1106 966 1185 luxoriostm
992 1104 1125 1199 vitam,
1162 1102 1295 1197 distat,
1320 1124 1425 1188 utet

192 1206 342 1292 Gallus,
367 1201 451 1299 quia
477 1201 630 1277 infestis
654 1204 784 1279 Bacchi
811 1205 944 1297 solebat
966 1229 1032 1303 per
1048 1206 1181 1304 plateas
1204 1202 1322 1304 vagari
1340 1197 1425 1283 ciitn

189 1322 331 1375 corona
363 1299 580 1391 liedeiacea,
621 1294 708 1373 ficut
743 1300 834 1375 Galli
869 1301 1037 1381 solebant.
1096 1301 1218 1393 Vino,
1261 1288 1423 1397 Veneri,
1454 1367 1456 1371 ,
1598 1361 1606 1371 ,

189 1393 377 1487 luxuriae,
404 1413 443 1469 et
463 1397 545 1469 otio
571 1394 677 1469 unice
703 1396 865 1488 deditus,
890 1420 1010 1475 curatii
1036 1398 1138 1497 regni
1165 1396 1424 1505 susquedeque

190 1490 341 1579 habuit,
376 1490 482 1566 unice
508 1488 710 1587 pendens-a
733 1488 889 1583 Sosibio,
931 1494 1094 1572 ministro
1118 1494 1308 1592 primario,
1342 1514 1424 1575 vtro

196 1587 368 1683 pessimo,
395 1604 434 1666 et
448 1586 688 1683 Agathoclea,
712 1589 824 1663 nobili
848 1590 989 1682 scorto,
1015 1615 1103 1690 quae
1128 1588 1343 1665 meretriciis
1364 1611 1419 1668 ar·

194 1684 288 1757 tibiis
322 1706 408 1757 euni
432 1683 533 1777 plane
558 1681 621 1757 sibi
643 1684 813 1759 devotum
848 1685 994 1779 habuit,
1034 1686 1174 1781 e‘usque
1197 1686 1305 1762 fratre
1326 1684 1423 1789 Aga·

191 1779 340 1867 diocle,
372 1802 415 1853 ac
442 1777 645 1855 Oninaiitlie
675 1782 853 1877 utriusque
878 1801 1000 1857 nutre.
1048 1711 1139 1858 llut.
1164 1780 1204 1855 iii
1230 1783 1422 1863 Cleomene

194 1894 232 1952 et
253 1875 380 1969 Polyb.
406 1874 445 1947 in
469 1874 636 1970 Eiic'erpt.
684 1877 727 1949 lii
759 1875 943 1974 principio
979 1875 1184 1975 regiminis,
1230 1874 1438 1978 instigante⁴

197 1969 353 2060 Sosibio,
399 1972 534 2067 Magan
564 1971 708 2053 iratrem
741 1971 821 2047 neci
852 1971 974 2064 dedit,
1014 1993 1053 2047 et
1077 1973 1321 2061 Cleomenem,
1353 1971 1421 2047 Lo·

196 2067 372 2141 caedaem.
392 2090 534 2162 regem,
559 2066 617 2141 sed
631 2066 714 2156 inde
733 2068 907 2167 ejotluiii‚
934 2093 975 2143 ac
993 2069 1053 2143 sub
1072 2070 1183 2145 tutela
1197 2090 1319 2165 regum
1337 2064 1421 2143 ΑΕ·
1501 2075 1504 2082 ’

166 2164 304 2260 ·gypti
337 2162 551 2257 degentem,
593 2186 666 2237 noii
698 2182 835 2239 tantum
865 2188 938 2241 non
964 2164 1091 2263 juvit,
1122 2185 1161 2241 ut
1191 2160 1423 2271 promiserat,

202 2260 261 2331 sed
285 2258 416 2334 carceri
440 2258 602 2344 inclusit,
643 2260 746 2333 etad
782 2260 1064 2358 desperationem
1089 2260 1249 2359 redegit,
1291 2274 1331 2334 ut
1356 2254 1422 2338 subt

203 2377 320 2431 unitur
352 2354 535 2443 intulerit,
577 2355 665 2431 Plut.
691 2355 728 2429 iii
756 2358 957 2434 Cleomene.
1004 2358 1102 2433 Rello
1125 2380 1209 2436 cuni
1233 2350 1423 2436 Antiocho

203 2452 280 2540 M.‚
312 2450 414 2545 cujus
437 2449 746 2548 historiamsnpra
771 2452 832 2527 suo
856 2452 939 2525 loco
964 2451 1069 2544 dedi,
1109 2451 1263 2553 glorioso
1283 2448 1424 2553 praetio

198 2546 241 2623 ad
265 2546 444 2642 Raphiain
467 2571 533 2644 per
554 2569 680 2643 paconi
699 2546 832 2637 ‚initum
859 2545 986 2638 finito,
1012 2564 1180 2623 mutentur
1204 2544 1421 2651 recaptratit·

200 2668 238 2717 ur
261 2648 412 2734 orbium,
432 2670 516 2737 quas
540 2641 720 2737 aufferat,
762 2664 842 2721 ntor
864 2644 984 2721 verbis
1033 2642 1157 2738 ustini,
1200 2664 1280 2742 pate
1296 2641 1423 2746 sada,

200 2743 297 2813 auide
325 2743 491 2815 materiam
515 2742 628 2834 qnietis
655 2742 819 2836 adripuit,
852 2740 1000 2815 temtum
1016 2766 1075 2837 qur
1096 2744 1133 2820 itt
1156 2742 1343 2830 luxuriam,
1368 2763 1424 2823 ot·-

206 2834 275 2928 cisu
304 2834 477 2923 Euridice,
520 2858 620 2907 nume
652 2840 826 2931 eadriiiquo
848 2833 962 2931 sorore
984 2836 1055 2933 suu
1080 2833 1227 2935 (restitit
1248 2835 1421 2933 Arsinoe,

203 2952 291 3025 quae
319 2927 375 3005 suti
398 2929 613 3025 praesentia,
637 2948 675 3005 et
696 2930 968 3025 exhortatione,
991 2933 1142 3007 multum
1165 2933 1211 3011 ad
1233 2930 1423 3013 victoriam

198 3026 243 3099 ad
264 3024 442 3122 Raphiniii
464 3020 681 3121 contulerat)
707 3027 929 3123 Agathocleae
955 3032 1151 3105 meretriciis
1176 3032 1337 3108 illicebris
1361 3051 1422 3109 ca·

197 3126 312 3219 pitin·
346 3140 443 3218 atoue
465 3128 517 3194 itii
541 3144 664 3216 omnem
693 3126 944 3219 magnitudinem
976 3129 1113 3201 noininis
1146 3149 1188 3199 ac
1222 3120 1423 3225 Majtflatit

198 3223 343 3306 oblitus,
367 3224 473 3293 notius
497 3222 530 3290 iii
538 3217 685 3315 stupris,
706 3222 778 3292 *dies
803 3224 836 3293 in
853 3224 1010 3297 conuiuiis
1026 3220 1184 3319 consumit
1201 3238 1273 3296 etc.
1323 3220 1420 3297 Con.-

198 3314 325 3391 cinunt
352 3316 460 3389 verba
484 3315 604 3413 Polyb.
636 3312 716 3389 Lib.
741 3314 790 3391 V.
818 3334 857 3389 et
889 3312 928 3389 iii
956 3338 1062 3390 excer
1090 3335 1114 3389 t.
1162 3316 1327 3391 Ceterum
1354 3334 1422 3427 qui

198 3413 338 3487 ratioiie
365 3410 437 3500 sese
464 3432 546 3506 eiga
578 3410 728 3506 Judteot
749 3409 792 3485 iii
816 3408 947 3506 Judaea
977 3430 1015 3486 et
1079 3412 1224 3509 Egypto
1247 3408 1419 3512 genunt,

303 3508 368 3581 suo
392 3506 474 3581 loco
498 3508 654 3580 narrabo.
703 3505 882 3603 Regnavit
910 3527 989 3581 ann.
1019 3528 1080 3601 17·

242 3604 277 3704 5.
305 3601 546 3679 CCCCXXV.
588 3599 748 3698 Reliquit
778 3599 888 3675 filium
921 3599 1167 3680 minorennem
1193 3604 1419 3684 Ptolemenoi

196 3701 421 3797 Epiphaneia,
453 3697 512 3771 sub
532 3699 640 3773 tutela
661 3696 820 3794 primarii
845 3692 995 3775 ministri
1014 3697 1237 3796 Tlepolemi,
1264 3700 1321 3781 cui
1338 3723 1421 3784 cruri

198 3795 313 3873 fatuo
330 3794 570 3893 Agathocleae
594 3792 734 3869 insidias
750 3792 921 3883 strueret,
946 3811 986 3871 ut
1002 3795 1296 3893 gubernationem
1314 3794 1419 3892 regni

197 3910 367 3990 imperet,
387 3914 447 3965 «res
470 3889 571 3967 aliter
596 3888 749 3981 cecidit,
775 3907 812 3965 et
831 3908 909 3965 tota
933 3890 991 3969 illa
1016 3888 1170 3975 faotioa
1222 3891 1328 3991 opulo
1347 3888 1420 3981 est,

199 3988 358 4067 nimultii
383 3985 588 4076 concitato,
613 3984 819 4085 exstirpata:
867 3986 984 4095 nando
1010 3988 1115 4067 brevi
1138 3918 1240 4087 poll,
1265 3984 1419 4065 occasio·

204 4106 249 4158 ne
280 4081 470 4181 legationis
495 4084 736 4157 Romanorum
767 4080 811 4157 ad
838 4008 1083 4179 {piphaneim
1128 4083 1241 4190 tutela
1264 4083 1421 4191 regirat

203 4180 308 4277 rugai
332 4182 450 4255 oblita
472 4178 525 4257 est
539 4177 731 4269 Romanis,
755 4202 797 4255 ac
821 4177 928 4255 abiis
950 4180 1127 4278 suscepm,
1151 4176 1420 4257 administratio·

200 4300 259 4449 nster
278 4276 380 4374 regui
405 4274 593 4457 omuga·
610 4272 826 4449 Aristotglieni
848 4272 1110 4455 Quianam,
1123 4294 1215 4453 avdgg
1236 4292 1357 4447 ἔξιέἓο
1369 4290 1422 4446 splt

260 4394 471 4473 emmoni
562 4395 991 4473 uiopraeareunnr
1074 4389 1084 4450 t
1406 4409 1423 4425 ·

617 4472 625 4485 ’
763 4462 918 4545 Hblia
1276 4459 1433 4565 perstite.

1613 4563 1674 4597 ...l
