3575 5884
654 900 808 978 Perlodus
833 902 950 981 Serta.
1342 917 1415 1006 385

169 1088 254 1257 gem
285 1082 373 1167 fere
405 1078 681 1181 posterioribus3
701 1088 810 1183 ,quae
843 1086 950 1181 longe
974 1082 1186 1161 concinnior
1218 1080 1271 1159 est
1295 1084 1410 1165 distri·

194 1206 291 1257 utto.

217 1278 253 1375 ᾗ.
284 1276 605 1351 CCCLXXXVII.
649 1274 718 1349 Sed
753 1274 813 1370 qui
843 1293 929 1349 tunc
960 1294 1064 1349 erunt
1094 1274 1331 1368 Artnchsasta,
1373 1299 1413 1353 et

172 1374 410 1462 Ahasuerus,
446 1374 526 1446 Ezr.
553 1374 620 1447 lV.
644 1394 727 1445 ante
753 1372 903 1447 Darium
928 1372 1133 1463 memorati,
1175 1374 1236 1471 qui
1264 1375 1410 1473 Templi

172 1469 475 1551 aedificationem
489 1468 777 1571 ‘inpediverunt‘l
813 1468 972 1551 Adversa
994 1468 1168 1543 sententia
1190 1468 1295 1545 facile
1321 1472 1410 1547 Xer-

176 1590 258 1639 xen
285 1586 323 1637 et
347 1568 473 1638 Artax.
508 1564 672 1662 Longim.
698 1565 858 1663 profert,
898 1563 1015 1637 nostra
1048 1564 1190 1639 videtur
1223 1591 1286 1640 eos
1310 1591 1412 1645 mon·

174 1662 291 1733 strare
318 1684 394 1735 non
414 1660 524 1755 poffe.
570 1662 640 1735 Sed
669 1661 706 1735 in
734 1658 952 1758 Artoclsasta
977 1684 1012 1734 V.
1040 1683 1072 1754 7.
1106 1661 1208 1757 plane
1232 1685 1306 1737 non
1329 1664 1412 1742 hae=

176 1782 270 1865 reo,
297 1780 403 1847 cum,
429 1758 524 1853 quod
535 1756 607 1850 jam
632 1780 842 1855 occupatum
860 1760 931 1846 est,
957 1755 1027 1829 effe
1051 1759 1155 1864 pollrt
1175 1756 1411 1856 Tanoaxarer,

177 1854 1412 2057 tunrennuentemsentententiae

179 2044 329 2136 occiso,
364 2046 515 2139 Magus,
542 2046 616 2140 ejus
636 2045 824 2142 personam
849 2060 1041 2121 mentttus:
1075 2066 1143 2117 nec
1166 2047 1315 2121 multum
1339 2048 1408 2121 dif-
1513 2078 1517 2085 ·

179 2140 312 2215 ferunt
334 2141 500 2227 nomina3
527 2138 615 2213 ficut
639 2140 734 2214 enim
760 2160 896 2229 tanam,
921 2140 972 2213 ita
993 2157 1089 2215 artat
1114 2141 1281 2234 denotat,
1317 2143 1407 2217 teste

182 2236 301 2310 etiarn
323 2237 406 2313 Hes.
444 2237 483 2308 iu
506 2237 617 2326 Lex,
656 2262 807 2333 magnum
839 2256 878 2311 et
903 2233 1059 2333 illustrem
1064 2263 1081 2326 ‚·
1122 2260 1191 2313 nec
1222 2264 1345 2315 axarer
1367 2260 1408 2313 et

185 2332 321 2407 Xerses
344 2333 492 2406 multum
516 2332 705 2423 differunt,
731 2354 769 2408 ut
794 2332 899 2407 facile
926 2350 1037 2429 patet.
1088 2334 1196 2406 Forte
1219 2332 1410 2431 Alasuerus

182 2429 355 2523 majorem
379 2427 496 2501 adfert
518 2427 782 2519 difficultatem,
817 2426 913 2524 quod
935 2428 1057 2522 utique
1081 2425 1236 2518 faceret,
1273 2432 1298 2505 sr
1323 2452 1408 2505 ante

182 2524 337 2599 Darium
360 2526 477 2597 locum
501 2539 660 2614 teneret,
702 2526 787 2599 alius
815 2520 913 2597 enirn
937 2521 1007 2596 effe
1034 2520 1158 2613 nequit
1184 2545 1226 2595 ac
1250 2528 1409 2619 Xerxes,

181 2620 208 2693 st
235 2623 298 2695 vel
322 2618 504 2693 nominum
532 2638 666 2695 tantum
697 2621 790 2693 ratio
813 2618 1007 2693 habeaturz-
1038 2606 1223 2697 tltntnnrt
1250 2623 1418 2721 maique,

181 2735 225 2791 et
248 2717 364 2811 ῑιρξες
385 2715 502 2789 eadem
529 2715 609 2791 sunt
636 2716 800 2804 nomina,
833 2733 872 2789 et
896 2706 996 2811 dgnior
1015 2721 1169 2791 martiam
1201 2722 1413 2812 bellatorem,

184 2830 230 2885 ut
258 2813 367 2885 tradrt
388 2812 561 2886 Herodot.
596 2836 628 2887 c.
664 2814 754 2902 Vt,
796 2810 980 2885 denotant.
1036 2810 1123 2891 Vid.
1157 2812 1265 2889 etiam
1298 2816 1411 2913 Hyde

183 2906 290 3007 relig.
320 2908 402 2983 Vet.
425 2908 518 2983 Pers.
544 2932 576 2983 c.
603 2932 636 2983 a.
663 2926 700 2981 et
722 2906 869 2985 Reland.
895 2904 981 3003 ling.
1007 2908 1099 2985 Pers.
1132 2908 1295 2986 Eundem
1321 2935 1412 3011 quo·

206 3028 252 3078 ue
286 3002 356 3078 else
383 3004 548 3079 maritum
569 3002 746 3090 Estheris,
787 3026 872 3077 mox
903 3002 1085 3099 probabile
1111 3005 1250 3081 faciam.
1299 3010 1408 3085 Unde

180 3028 281 3175 itmul
309 3117 430 3209 patet,
455 3103 498 3179 ab
524 3124 569 3174 eo
594 3122 667 3175 non
689 3099 902 3190 abhorrere,
963 3098 1033 3173 uod
1057 3100 1104 3173 de
1128 3100 1205 3196 ipso
1234 3102 1407 3194 traditur,
1449 3112 1456 3122 '

179 3196 261 3271 loeo
295 3216 358 3269 ctt.
410 3198 453 3270 In
483 3200 644 3294 principio
678 3194 773 3271 enim
805 3196 907 3367 repul
977 3192 1102 3286 ernis,
1144 3195 1204 3269 seu
1235 3192 1410 3272 Ahasueri

179 3290 362 3383 Estheris,
395 3291 582 3367 adversarii
610 3290 822 3390 Judaeorum
872 3291 972 3367 ostile
996 3289 1162 3385 scriptum
1196 3307 1321 3365 contra
1346 3315 1412 3371 eos

178 3390 363 3485 publicare
389 3407 614 3485 potuerunt,
646 3406 689 3463 ut
720 3389 860 3483 Regem
890 3387 930 3463 in
963 3383 1309 3483 Hierosolymitanos
1341 3413 1406 3466 ex·

177 3488 413 3575 acerbarent,
452 3482 540 3560 ficut
562 3483 684 3583 postea
707 3484 746 3559 in
773 3506 894 3559 omnes
919 3482 1090 3580 Judaeos,
1133 3505 1201 3559 nec
1223 3482 1317 3561 aliud
1342 3486 1408 3565 hic

179 3599 409 3656 memoratur.
458 3580 563 3683 Quod
589 3604 677 3655 vero
701 3578 785 3655 illud
807 3576 1035 3669 Artaxerxis,
1069 3576 1141 3651 five
1166 3579 1407 3675 Tanoaxaris,

181 3676 404 3753 infestationi
429 3676 696 3773 praemittatur,
728 3674 812 3750 illud
834 3674 891 3748 vel
918 3697 983 3771 per
1006 3672 1321 3771 anticipationem,
1354 3682 1406 3757 sa·

175 3776 225 3848 tis
251 3772 435 3863 umatum,
460 3772 562 3847 fatile
589 3770 794 3868 exponitur.
843 3769 1038 3847 Occasrone
1062 3770 1256 3845 mentionis
1278 3774 1406 3848 adver·
1498 3846 1501 3852 .

178 3871 352 3945 sariorum
387 3868 504 3965 operis
540 3868 685 3966 Templi
719 3868 825 3963 usque
858 3864 902 3940 ad
936 3864 1107 3957 Darium,
1147 3866 1270 3943 inserit
1302 3889 1407 3945 autor

175 3968 289 4041 alium
306 3964 531 4133 {ludaeorum
555 3964 713 4053 hostem,
747 3963 838 4037 nulla
862 3960 1007 4059 Templi
1031 3959 1287 4039 aedificationis
1311 3961 1406 4043 inhi.

175 4064 280 4137 bitae
321 4058 399 4133 atla
423 4061 628 4151 mentione,
652 4060 713 4134 sed
729 4058 853 4171 scripti
879 4078 1016 4135 tantum
1041 4058 1197 4135 hostilis:
1221 4062 1405 4153 praemistt

177 4181 274 4233 vero
294 4156 379 4231 illud
405 4156 614 4231 Artaxerxis
636 4156 829 4249 moliminr,
863 4154 949 4231 licet
974 4156 1132 4231 secutum
1159 4150 1220 4234 stt,
1253 4156 1335 4250 quia
1360 4159 1407 4231 de

184 4257 384 4328 Artaxerxe
408 4254 470 4328 hic
496 4272 632 4329 tantum
656 4276 783 4351 agere,
808 4270 847 4329 et
868 4254 967 4349 plura
993 4270 1130 4329 narrate
1155 4248 1290 4323 voluit:
1323 4274 1405 4358 qua·

177 4350 230 4461 ,lia
249 4364 327 4421 ¹nou
344 4348 521 4449 deficiunt
535 4350 699 4451 exempla
715 4351 792 4429 alia.
839 4348 1046 4441 Praeterea,
1075 4342 1264 4420 secundum
1282 4344 1409 4425 serrem

198 4444 323 4523 -Ton
342 4446 398 4527 II,
787 4443 883 4520 Ccc
1086 4451 1090 4460 “
1179 4438 1415 4551 narrationis,

184 4579 189 4587 -
635 4560 645 4596 t
