3575 5884
354 1159 432 1236 ’κισ
699 1155 845 1262 testona
868 1155 1102 1264 Ecclesiastico
1125 1157 1167 1239 V.
1196 1154 1236 1244 T·

348 1357 401 1425 ,ut
427 1337 592 1416 1Chron.
616 1338 756 1415 XVlll:
786 1365 842 1416 10.
867 1361 906 1416 et
926 1340 1029 1435 alibi,
1063 1342 1207 1418 mallit.
1255 1340 1345 1414 Cum
1373 1335 1580 1418 vero-Elisa

328 1473 329 1477 ¹
358 1435 530 1533 ejusmodi
548 1437 702 1532 fignum,
727 1437 808 1534 quia
830 1437 984 1536 speciem
1000 1434 1337 1538 recompensationis
1359 1456 1397 1511 et
1412 1462 1578 1513 remune-

359 1532 507 1607 rationis
536 1532 713 1630 praeferre
736 1534 870 1631 poss'et,
909 1537 1102 1627 recusaret,
1136 1537 1296 1609 Naaman
1318 1531 1411 1609 aliud
1442 1560 1580 1633 propo·

256 1636 259 1643 '
348 1626 451 1730 fuit,
476 1632 568 1702 etab
584 1628 675 1703 Elisa
715 1628 819 1721 etiit,
842 1656 879 1707 v.
910 1656 965 1726 17.
991 1652 1104 1706 terrae
1121 1630 1254 1708 scilicet
1267 1628 1478 1704 israeliticae
1521 1653 1580 1702 or·

358 1724 517 1815 tionem,
548 1726 666 1799 secum
690 1750 727 1799 rn
750 1746 878 1800 terram
906 1726 999 1802 suam
1021 1727 1266 1816 deferendam,
1303 1725 1375 1801 srve
1399 1745 1438 1799 ut
1503 1743 1584 1798 tare

355 1817 441 1895 inde
465 1821 517 1893 eri
543 1841 617 1895 eret
641 1822 818 1918 Jehovae,
858 1821 931 1896 srve
954 1842 994 1899 ut
1016 1823 1101 1898 fidei
1125 1843 1164 1897 et
1185 1820 1365 1920 religionis
1385 1820 1465 1895 suae
1489 1821 1582 1895 effet

358 1932 497 1990 tantum
521 1922 545 1991 lr
596 1941 675 2009 um,
700 1939 737 1992 et
760 1937 1039 1994 monumentum.
1086 1922 1145 1994 De
1190 1943 1235 1991 uo
1260 1918 1334 2014 ejus
1362 1919 1471 2013 scopo
1494 1940 1580 1990 ver·

313 2013 404 2089 ”ba
426 2014 501 2088 e‘us
525 2037 615 2088 care
649 2013 828 2089 testantur.
876 2018 925 2089 Et
947 2040 1008 2090 non
1051 2014 1087 2089 h.
1111 1942 1196 2109 a}
1217 2039 1298 2104 non,
1330 2011 1449 2088 lihoc
1471 2033 1579 2086 reve·

356 2124 496 2185 'rentrae
520 2130 557 2184 et
580 2109 664 2184 fidei
688 2133 787 2186 meae
819 2108 953 2209 signum
977 2112 1087 2202 nolrs,
1118 2134 1204 2186 ecce
1225 2112 1312 2206 peto
1336 2107 1449 2198 aliud,
1478 2107 1580 2204 quod

356 2204 406 2283 'ne
429 2207 583 2307 speciem
613 2207 905 2281 remunerationis
934 2202 1079 2305 habet,)
1110 2211 1203 2282 detur
1232 2205 1307 2280 milri
1331 2209 1444 2301 portio·
1466 2221 1579 2278 terrae

357 2334 413 2360 ·-
430 2338 549 2361 -·-
571 2309 665 2397 quia,
689 2304 746 2374 vel
794 2300 953 2392 rosceto,
977 2327 1038 2376 non
1061 2301 1179 2399 offeret
1201 2304 1340 2398 amplius
1353 2298 1473 2397 servus
1496 2315 1579 2372 tuus

357 2398 436 2475 Diis
460 2401 556 2486 aliis,
585 2397 650 2492 sed
669 2396 736 2491 soli
758 2325 918 2486 iotanae.
968 2395 1074 2470 Unde
1105 2399 1195 2472 clare
1218 2394 1401 2486 elucescit,
1432 2409 1515 2469 eum
1538 2393 1580 2468 id

354 2512 432 2570 non
455 2517 501 2566 ex
524 2491 790 2591 superstitione,
828 2490 897 2565 acfi
920 2508 1012 2565 terra
1033 2491 1091 2566 illa
1112 2492 1199 2568 effet
1221 2489 1392 2581 saneiior,
1430 2510 1490 2564 aut
1514 2492 1538 2589 J
1562 2530 1576 2548 ·

355 2588 474 2680 hovae
499 2586 602 2661 unice
633 2588 805 2684 placeret,
846 2585 1005 2685 petiisse,
1044 2587 1103 2662 sed
1136 2597 1296 2684 tanquam
1318 2585 1402 2660 fidei
1433 2585 1513 2661 suae
1538 2604 1581 2661 et

356 2685 542 2785 'religionis
558 2703 834 2774 monumentum.
884 2683 990 2791 Quod
1005 2708 1094 2761 vero
1116 2684 1260 2758 unicum
1276 2678 1503 2780 casum,·q‘uo
1519 2704 1579 2755 re·

357 2782 419 2883 gi,
435 2783 481 2873 'in
499 2783 652 2876 Templo
677 2778 898 2854 idololatrieo
921 2777 1103 2870 adoranti,
1127 2777 1478 2877 officiumpraestet,
1500 2778 1578 2852 sese

356 2879 468 2971 etiam
493 2878 729 2965 incurvando,
760 2874 846 2949 licet
870 2876 941 2949 fine
965 2877 1170 2952 adoratione
1193 2875 1297 2965 idoli,
1330 2873 1504 3045 excipiat,
1537 2872 1580 2948 in

356 2998 406 3050 eo
422 2972 735 3071 neclrypocrisros‚
751 2994 818 3044 nec
835 2970 1120 3068 irreligiositatis,
1135 2973 1269 3046 crimen
1282 2994 1403 3066 ponen
1427 2993 1487 3044 um
1502 2968 1580 3059 est,

353 3069 417 3146 sed
441 3071 547 3142 civile
579 3088 714 3143 tantum
738 3065 893 3141 officium
925 3072 1000 3166 regi
1031 3069 1288 3156 exhibendum,
1325 3066 1418 3162 quod
1441 3064 1581 3139 condo·

355 3165 435 3244 nari
460 3164 581 3262 pollit':
605 3163 691 3237 ficut
706 3163 798 3236 Elisa
821 3187 959 3273 quoque
984 3163 1091 3239 tacite
1116 3163 1180 3260 ipsr
1205 3161 1404 3235 conceffisse
1428 3159 1578 3235 censen·

231 3270 233 3275 ’
356 3265 422 3340 dus
446 3258 674 3356 est,1·npace
699 3283 780 3332 eum
803 3259 1029 3336 dimittendo.
1074 3262 1132 3335 De
1157 3283 1226 3355 quo
1250 3282 1269 3330 e
1297 3259 1394 3355 regie
1416 3255 1583 3331 differuit

354 3362 410 3438 cl.
435 3355 688 3436 Werenfelsrus
711 3354 747 3430 in
779 3355 947 3452 peculiari
969 3358 1013 3433 de
1036 3356 1107 3430 hoc
1138 3354 1216 3430 casu
1239 3354 1276 3428 di
1304 3352 1508 3454 ertatione,
1534 3353 1579 3429 in

354 3455 524 3558 operibus
546 3456 620 3530 e‘us
643 3451 759 3526 obvia.

366 3570 372 3582 ·
397 3554 436 3651 '§.
464 3481 594 3627 CXVi.
620 3553 785 3624 Ceterum
807 3544 1008 3626 miraculosa
1029 3547 1117 3624 haec
1139 3543 1350 3637 Naamanis,
1371 3568 1437 3643 per
1457 3543 1579 3643 septu·

356 3647 489 3753 plicem
519 3643 767 3743 inmerfionem
798 3644 834 3717 in
859 3646 1066 3740 Jordanem,
1098 3645 1249 3734 sanatio,
1288 3665 1433 3739 eamque
1456 3640 1580 3717 secuta

355 3745 434 3842 ejus
464 3739 647 3813 conversio
670 3741 713 3814 ad
742 3765 865 3819 verum
890 3742 1008 3813 Deum
1029 3741 1224 3909 ¹lehovam,
1267 3765 1298 3815 r.
1321 3739 1364 3814 ad
1387 3736 1581 3810 veritatem

357 3828 399 3915 dt
423 3833 618 3912 divinitatis
664 3835 822 3927 ehovae,
847 3833 918 3910 Dei
938 3835 1027 3909 israe
1043 3835 1090 3926 is,
1114 3854 1152 3909 et
1174 3833 1316 3910 divinae
1341 3830 1509 3907 milliorris
1531 3855 1579 3911 ac

358 3950 459 4010 munt
468 3932 517 4007 ris
537 3955 602 4028 pro
630 3930 737 4006 betici
757 3933 887 4024 Elisae,
911 3931 1162 4021 evincendam,
1184 3956 1226 4007 ac
1248 3931 1288 4005 in
1310 3928 1467 4004 omnium
1490 3951 1580 4002 ocu·

359 4028 413 4108 los
437 4029 584 4128 ingercn
672 4082 683 4115 ,
721 4029 790 4103 fuit
812 4029 1175 4105 adcommodatiffima.
1224 4027 1324 4135 Quae
1353 4022 1462 4099 etiam
1482 4022 1581 4097 ratio

360 4125 433 4219 est,
459 4146 562 4223 quare
589 4122 626 4194 in
648 4124 820 4217 Jordane,
845 4123 1002 4217 symbolo
1025 4125 1125 4221 regni
1142 4125 1213 4198 Dei
1237 4123 1275 4196 in
1297 4121 1441 4208 israele,
1465 4116 1577 4215 idque

351 4221 479 4322 septem
503 4217 660 4306 vicibus,
693 4217 728 4291 id
752 4218 867 4290 facere
891 4218 1032 4289 debuit:
1073 4243 1235 4293 numerus
1256 4215 1351 4289 enim
1366 4213 1579 4311 septenarius

360 4338 436 4393 erat
461 4317 638 4412 Jehovae‚
670 4335 735 4409 qua
761 4310 912 4385 creatori
938 4332 974 4384 et
998 4314 1080 4386 Deo
1103 4314 1256 4400 Israelis,
1288 4312 1392 4385 sacer.
1442 4332 1474 4386 2.
1498 4312 1576 4386 Ex·

361 4411 478 4513 pinxit
510 4430 689 4507 praeterea
714 4407 885 4481 Gentium
914 4407 1161 4501 vocationem,
1198 4408 1260 4480 suo
1283 4425 1444 4503 tempore
1475 4405 1576 4482 sutu-

359 4530 455 4601 ram,
478 4531 518 4581 ac
534 4532 553 4580 a
568 4509 664 4604 lepra
680 4504 849 4603 spirituali
868 4501 1131 4595 liberationem,
1149 4526 1213 4601 per
1227 4501 1465 4576 obedientiam
1473 4502 1580 4591 Mesf

320 4588 334 4626 ²
356 4609 454 4704 stae,
491 4604 588 4704 qu'us
609 4601 744 4711 lignum
767 4599 819 4682 est
841 4597 1040 4700 baptilinua
1086 4603 1236 4715 Notata
1253 4621 1392 4711 guoque
1424 4594 1576 4767 &sidem

1557 4745 1574 4789 θ
