3575 5884
612 888 963 999 earous'u'epthna:
1034 883 1073 977 f*
1333 906 1425 1000 affl

169 1078 215 1159 d
252 1072 344 1155 belli
374 1072 533 1153 intestini
564 1098 824 1169 renovaretur,
864 1080 1018 1156 maxime
1050 1094 1130 1155 cunr
1154 1068 1318 1181 Reginae
1352 1085 1414 1159 ob·

168 1176 304 1251 oculos
326 1194 542 1273 poneretur,
568 1176 660 1249 hanc
682 1175 932 1266 severitatem,
956 1179 1045 1253 salva
1065 1175 1253 1253 autoritate
1279 1182 1398 1277 legum

167 1271 402 1361 divinarum,
443 1290 482 1345 et
502 1270 688 1347 securitate
714 1271 835 1368 regni,
878 1274 1033 1348 inhiberi
1059 1298 1133 1348 non
1155 1274 1273 1371 poll'e,
1314 1296 1409 1348 conr-

165 1370 317 1463 aliquot
338 1388 448 1440 annos
473 1366 642 1457 durasset,
660 1369 817 1441 'tandem
841 1367 917 1443 sese
939 1370 1067 1467 aliqui,
1096 1371 1293 1444 contrariae
1320 1370 1408 1444 sec·-

166 1482 253 1551 tae,
270 1484 366 1557 quae
385 1482 569 1559 tantopere
587 1461 837 1561 adfligebatur,
858 1465 1055 1563 principes,
1081 1486 1151 1539 ona
1169 1491 1249 1541 cum
1258 1464 1395 1539 Aristo⁴

166 1560 284 1645 bulo,
311 1556 422 1656 padam
446 1557 729 1650 manifestarunt,
764 1577 802 1633 et
829 1560 1024 1635 dominanti
1049 1559 1196 1634 sartioni
1225 1563 1396 1659 opposue-

169 1674 272 1729 runt.
328 1651 512 1749 Postquam
548 1656 710 1751 Reginae
738 1652 776 1728 in
808 1656 1015 1731 memoriam
1053 1656 1273 1731 revocassent
1304 1662 1399 1733 bene

170 1750 233 1827 sua
259 1747 390 1823 merita
422 1752 460 1823 in
483 1752 695 1846 Jannaeunr,
730 1768 768 1823 et
791 1755 983 1827 exantlatos
1013 1753 1149 1825 labores
1169 1752 1334 1828 molestos
1356 1752 1403 1829 in·

170 1848 253 1943 ejus
289 1864 329 1919 et
355 1845 478 1919 domus
511 1846 585 1943 ejus
641 1845 783 1935 retiam,
821 1848 920 1921 srmul
957 1851 1004 1921 ob
1031 1849 1150 1921 oculos
1183 1848 1397 1945 posuissent,

172 1942 268 2017 nihil
294 1939 388 2015 aliud
409 1940 548 2015 intendi
572 1968 594 2016 a
615 1870 785 2032 sanioso,
818 1966 922 2041 quam
946 1943 1072 2017 domus
1092 1944 1188 2040 ejus,
1221 1963 1259 2015 et
1283 1944 1396 2016 fideli·

171 2062 236 2113 um
259 2037 439 2114 sociorum
463 2040 568 2113 totale
592 2036 794 2129 excidium,
825 2036 1061 2135 postularunt,
1086 2038 1111 2113 sr
1136 2036 1299 2113 furiosam
1322 2038 1395 2110 fac·

170 2134 316 2213 tionem
350 2133 539 2207 retundere
572 2157 646 2207 non
674 2132 810 2229 posset,
851 2152 889 2208 ut
925 2134 988 2208 srbi
1021 2134 1183 2211 discessor
1215 2134 1254 2209 in
1288 2153 1403 2210 terrae

171 2226 388 2327 peregrinas
414 2231 689 2320 concederetur,
731 2230 788 2302 vel
867 2228 937 2303 tius
960 2232 999 2304 in
1030 2229 1272 2329 possessionem
1298 2232 1402 2303 loco-1

171 2350 278 2417 rum,
320 2322 384 2397 ubi
411 2342 491 2399 tuto
513 2324 664 2421 degere,
706 2342 745 2398 et
770 2324 856 2423 ipr,
898 2325 1087 2401 srnecelle
1122 2325 1252 2416 fuerit,
1291 2346 1401 2424 opem

175 2420 273 2495 serre
297 2417 460 2517 pollent,
503 2419 778 2495 inmitterentut.
825 2419 1000 2511 Posterius
1032 2421 1117 2494 illud
1147 2446 1167 2495 a
1192 2419 1315 2519 regina
1342 2420 1397 2494 in·

174 2532 389 2615 petraruot,
419 2535 457 2591 et
481 2518 559 2589 loca
580 2512 715 2589 munita
748 2514 816 2589 hae
838 2516 977 2590 ratione
1003 2513 1041 2589 in
1067 2517 1198 2613 Regno
1225 2518 1301 2612 ejus
1335 2538 1396 2589 oc⁴

177 2630 367 2709 cuparunt.
414 2613 504 2686 Pace
528 2610 672 2708 quidem
697 2630 781 2685 tunc
804 2610 922 2707 gavisa
948 2608 1000 2685 est
1023 2609 1185 2709 Regina,
1211 2611 1281 2685 sed·
1295 2608 1401 2685 brevi

176 2707 266 2805 post
291 2726 447 2798 mortua,
473 2704 665 2781 succesore
689 2703 868 2802 designato
885 2708 1079 2804 Hyrcano,
1105 2707 1167 2803 qui
1182 2708 1398 2782 Pontificatu

177 2806 254 2902 jam
285 2824 441 2879 amorre
472 2799 619 2901 Janoaei
650 2798 790 2877 surdius
819 2799 947 2878 luerat.
997 2802 1213 2901 Regnavit,¹
1234 2823 1275 2879 ot
1301 2803 1397 2899 dixi,

230 2922 351 2974 annot.
394 2936 399 2943 ·
1376 2902 1395 2957 ἰ

179 2922 256 3095 ys.
285 2996 366 3068 XD.
407 2994 704 3086 HYRCANUS,
739 2993 800 3107 qui
823 2994 999 3087 succeffit,
1031 2991 1124 3067 haud
1147 2990 1208 3067 diu
1231 2992 1267 3069 se
1292 2994 1331 3068 in
1354 3014 1398 3069 ea

176 3088 355 3189 dignitate
388 3090 496 3165 uritur
522 3090 594 3183 est,
626 3091 686 3165 sed
711 3096 820 3185 tribus
845 3088 952 3164 mens.
975 3088 1056 3185 post
1080 3112 1100 3161 a
1123 3088 1232 3161 fratre
1258 3088 1397 3163 Aristo·

179 3189 264 3261 bulo
281 3186 333 3260 de
360 3184 490 3260 throno
515 3188 728 3261 deturbatur
776 3190 936 3261 Durante
962 3186 1087 3257 morbo
1111 3183 1251 3273 matris,
1292 3200 1331 3254 et
1351 3182 1396 3257 ad

179 3302 337 3357 mortem
358 3300 551 3379 vergente,
589 3281 806 3355 Aristobulus
830 3282 901 3355 sese
932 3279 977 3353 ad
1002 3298 1143 3352 veteres
1166 3277 1277 3351 Patris
1308 3278 1397 3355 ami-

180 3404 264 3471 cos,
297 3376 379 3476 qui,
413 3397 452 3452 ut
477 3377 584 3451 modo
610 3376 780 3471 uidimus,
819 3374 1010 3474 praecipua
1034 3373 1135 3471 regni
1157 3374 1236 3449 loca
1259 3375 1397 3449 munita

178 3477 373 3564 tenebant,
398 3476 616 3562 contulerat,
638 3473 832 3569 ipsosque,
865 3469 1027 3577 Hyrcani
1052 3468 1202 3639 segnitia
1228 3496 1271 3547 ac
1295 3470 1396 3582 inge.

179 3572 230 3647 nii
259 3568 465 3667 stupiditate
494 3590 723 3665 exaggerata,
748 3566 899 3663 indeque
925 3564 1061 3639 orituro
1109 3565 1247 3641 ominio
1272 3565 1395 3641 lastro-

179 3668 234 3743 nis
261 3666 494 3755 Pharisaicae,
520 3664 577 3739 cui
604 3666 789 3759 Hyrcanos
814 3662 885 3737 sese
908 3680 1003 3737 totus
1030 3663 1202 3753 traderet,
1236 3665 1283 3737 ob
1310 3687 1395 3738 ocu·

180 3765 231 3839 loa
257 3762 395 3860 pohta,
440 3761 476 3835 in
505 3781 622 3857 partes
647 3761 719 3834 suas
744 3757 871 3849 traxit,
910 3778 1049 3831 mortua
1072 3783 1160 3833 vero
1187 3780 1297 3832 matre
1323 3760 1395 3835 sese

182 3860 283 3935 fratri
318 3860 430 3955 palum
463 3858 659 3953 opposuit,
707 3873 746 3929 ut
778 3878 927 3953 regnum
959 3853 1022 3927 srbi
1062 3854 1270 3930 vindicaret.
1327 3856 1395 3928 Or·

183 3976 258 4029 tum
290 3955 409 4051 itaque
434 3978 518 4027 mox
545 3952 597 4027 est
628 3951 759 4047 bellum
782 3948 988 4025 intestinum
1024 3950 1117 4025 inter
1140 3952 1226 4025 duos
1249 3946 1394 4046 fratres,

183 4052 243 4123 sed
276 4049 379 4124 brevi
407 4050 557 4124 linitum.
605 4046 739 4121 Praelio
772 4046 869 4121 enim
901 4046 1102 4121 decretorio
1128 4042 1250 4117 habito
1283 4070 1397 4145 prope

186 4145 480 4234 Hierichuntem,
515 4144 698 4219 succubuit
721 4144 929 4241 Hyrcanos,
961 4143 1130 4216 militibus
1152 4137 1263 4235 ipsum
1287 4143 1395 4217 maxi·

185 4262 277 4315 marn
299 4264 433 4338 partem
458 4240 715 4327 deserentibus,
740 4260 778 4312 et
803 4240 847 4313 ad
866 4239 1103 4314 Aristobulum
1127 4234 1395 4331 deficientibus,

190 4355 350 4437 tanquam
383 4336 532 4419 utboni
562 4335 800 4504 Phuduclge,
836 4336 910 4429 jam
943 4357 1011 4433 per
1038 4330 1218 4431 superiora
1240 4332 1405 4511 facin&

771 4451 858 4525 rrg
