3575 5884
474 920 480 927 ·
536 872 546 885 ’
658 888 810 971 Periodas
834 892 950 969 Sexta.
1336 922 1407 999 317
1477 830 1512 1013 -·

180 1072 307 1153 insulae
332 1066 516 1168 adjecisse,
550 1072 650 1147 etad
675 1072 823 1172 Scythas
845 1075 952 1174 usque
977 1070 1180 1171 prorogaffe
1204 1072 1401 1173 inperium,

181 1170 293 1247 tradit
312 1169 409 1241 Plato
431 1168 471 1241 in
488 1168 683 1243 Menexen.
733 1168 829 1245 Deni
856 1195 920 1260 ue,
944 1193 990 1243 ue
1005 1170 1103 1267 plura
1119 1191 1300 1266 repetam,
1324 1177 1403 1271 regi

180 1268 361 1374 Persarum
387 1282 500 1337 totum
525 1263 656 1374 Asiam·
671 1265 777 1363 usque
805 1194 855 1340 ari
873 1265 1002 1371 Indos,
1039 1262 1078 1337 in
1102 1266 1216 1364 Libya
1241 1270 1400 1379 complu·

182 1386 256 1453 res,
292 1384 332 1433 ιιι
357 1360 498 1455 Europa
525 1360 714 1435 Thraciam
744 1378 784 1435 et
809 1362 1062 1437 Macedonum
1089 1361 1404 1456 subeffe,ad1erir

186 1460 259 1534 Dio
283 1455 465 1551 Chrysost.
493 1455 591 1531 Orat.
616 1456 681 1531 111.

230 1554 261 1654 ς,
287 1553 515 1626 CCCXXIH.
549 1574 582 1626 a.
606 1552 759 1629 Duravit
781 1546 921 1653 quoque
945 1576 1012 1651 per
1037 1552 1107 1627 duo
1135 1550 1268 1647 secula,
1297 1556 1405 1631 adeo·

187 1674 252 1749 que
284 1648 422 1721 duobus
477 1648 739 1723 raecedentibus
766 1651 872 1748 longe
902 1648 1054 1738 diutius,
1095 1671 1200 1745 quare
1230 1652 1338 1728 etiam
1362 1654 1405 1729 in

185 1747 261 1821 uiso
283 1746 437 1817 Nebuca
464 1767 497 1815 n.
523 1766 604 1817 cum
620 1746 762 1820 merulo
788 1746 877 1819 aeris
903 1761 1146 1844 comparatur,
1171 1763 1209 1818 et
1226 1740 1425 1846 inperium'

189 1841 254 1940 ipsu
280 1844 413 1927 domm,
456 1837 590 1912 scilicet
621 1840 720 1914 sensu
743 1840 968 1937 emphatic0,
1009 1839 1129 1914 stabile
1153 1858 1191 1913 et
1214 1845 1405 1937 perennius

195 1936 347 2033 expresse
368 1933 510 2009 dicitur.
559 1935 660 2041 Quae
684 1935 816 2032 phrasis
846 1953 884 2011 et
909 1959 954 2009 eo
979 1936 1116 2025 tendit,
1158 1955 1200 2010 ut
1226 1938 1322 2037 Cyro
1343 1940 1405 2015 da-
1451 1990 1455 1997 ,

192 2054 266 2107 turn
290 2030 388 2105 fuisse
416 2052 564 2129 regnum
585 2030 839 2129 cogitaremus,
867 2057 941 2107 cum
966 2033 1008 2107 ad
1033 2030 1156 2130 populi
1180 2034 1252 2109 Dei
1279 2033 1404 2107 libera·

191 2129 330 2203 tionem
343 2148 382 2199 ac
399 2124 702 2219 instaurationem,
726 2129 885 2224 adeoque
899 2128 1248 2225 adejus'commoda,
1273 2149 1311 2203 et
1326 2154 1404 2206 uon

195 2246 238 2299 ut
259 2222 564 2314 Nebucadneaari,
589 2224 632 2298 ad
657 2224 730 2321 ejus
756 2223 1035 2321 oppresionem,
1061 2240 1129 2297 rum
1158 2246 1223 2321 per
1246 2219 1402 2322 peculia·

195 2342 268 2395 reru
299 2317 440 2415 adquam
468 2319 542 2393 Dei
573 2317 825 2409 diredtionem,
870 2344 937 2416 qua
968 2320 1061 2393 circa
1087 2324 1217 2417 Cyrum
1249 2320 1405 2397 versatur

191 2416 259 2490 iirit
279 2414 387 2489 Deus.
434 2416 493 2487 De
544 2440 589 2489 uo
621 2416 708 2491 ficut
734 2413 828 2489 tituli
863 2419 950 2487 andi
976 2414 1070 2503 Dei,
1104 2432 1142 2489 et
1167 2414 1324 2512 pastoris,
1358 2442 1403 2493 ae
1506 2438 1508 2443 ’

189 2510 395 2683 prophetiae
411 2509 456 2582 de
473 2436 570 2605 ipso,
590 2511 735 2587 nomine
752 2510 859 2583 etiam
879 2509 953 2618 ejus
970 2508 1153 2605 expresso,
1178 2510 1246 2606 Jes.
1263 2513 1403 2605 XLIV,

224 2608 304 2696 LV,
327 2627 366 2680 et
391 2606 524 2681 XLVI.
550 2606 640 2680 clare
665 2606 856 2695 testantur,
881 2624 932 2678 rta
948 2604 1112 2680 nonnulla
1136 2602 1340 2703 singularia,
1361 2609 1403 2685 in

193 2706 282 2801 Cyro
300 2699 509 2798 conspicua,
535 2698 617 2775 illud
635 2704 874 2812 conprobantf
900 2724 956 2775 ex.
983 2726 1037 2799 gr.
1064 2700 1138 2797 ejus
1152 2699 1348 2804 sapientia,
1364 2726 1404 2780 et

197 2796 385 2885 fortitudo,
411 2820 453 2871 ac
475 2796 688 2894 prosperitas
710 2822 748 2873 rn
774 2798 936 2870 omnibus
988 2794 1080 2871 estis.
1125 2794 1231 2895 Quod
1265 2817 1304 2872 et
1326 2800 1404 2902 ipse

186 2890 713 3085 :ruenrrrue
756 2820 1120 3095 urrerem
1155 2892 1403 3065 aare
1505 2933 1509 2941 ·

186 3090 323 3180 πένθιμα
354 3081 504 3179 reffermn
537 3084 611 3180 ejus
642 3046 829 3159 militarem
854 3080 977 3173 fuiffe,
1013 3083 1080 3177 ζιῦσ
1102 3012 1199 3183 strip
1217 3078 1270 3155 ani
1287 3048 1404 3180 eppei

191 3184 242 3279 Ju
262 3187 331 3254 iter
348 3180 505 3275 servator
528 3194 561 3253 et
586 3180 679 3257 Dux.
705 3178 872 3277 Xenoph.
899 3180 922 3253 i.
948 3180 1035 3253 Vll.

252 3336 259 3351 .
286 3274 521 3354 CCCXXIV.
563 3276 746 3349 Praeterea
768 3274 811 3349 ad
835 3275 1034 3371 generalem
1054 3268 1156 3367 regni
1179 3268 1310 3379 i'eriici
1336 3295 1401 3347 no·

191 3373 302 3447 tinam
336 3371 426 3444 facit
457 3368 589 3445 notasse
617 3394 649 3446 r.
674 3388 745 3443 tres
778 3368 930 3443 diversas
954 3366 1056 3440 suiffe
1087 3388 1189 3462 regru
1218 3367 1401 3463 primariae
1459 3440 1464 3451 .

187 3468 301 3559 sedes,
326 3465 435 3540 trium
456 3463 672 3540 diversorum
696 3488 885 3565 regnorum
910 3462 1074 3537 civitates
1098 3485 1135 3533 re
1162 3460 1229 3551 ias,
1252 3466 1400 3565 Babylo·

186 3588 288 3655 nem,
316 3562 416 3637 Susas
429 3578 467 3633 et
481 3562 712 3651 Ecbatanam,
736 3585 819 3657 quas
835 3559 975 3655 srnguiis
990 3484 1309 3637 annisiniabitavit
1327 3563 1404 3662 Cy·

184 3686 259 3751 rus,
285 3680 398 3755 quern
420 3656 628 3731 successores
653 3657 782 3732 imitati
802 3654 900 3747 sunt,
933 3654 1100 3751 Xenoph.
1126 3654 1149 3729 1.
1175 3655 1283 3731 Vm.
1308 3661 1397 3735 Vid.

144 3832 151 3845 ,
186 3782 229 3853 qu
277 3778 325 3828 ue
350 3751 494 3826 Brision.
527 3752 643 3849 Regu.
667 3752 759 3825 Pers.
783 3751 806 3825 l.
831 3753 859 3824 1.
896 3768 935 3825 et
957 3751 1019 3823 Ea„
1048 3752 1071 3821 S
1098 3749 1234 3836 anhem,
1259 3752 1303 3826 ad
1325 3754 1395 3919 1[rui.

186 3856 251 3925 Cae
267 3873 356 3925 ares.
402 3846 527 3935 Addo,
552 3872 673 3944 regem
696 3846 872 3921 Persarum
899 3848 1056 3920 aDemo
1113 3846 1298 3942 ,Philipp
1386 3906 1396 3927 .

188 3943 355 4045 designari
383 3967 447 4041 per
471 3964 570 4033 eum,
597 3943 656 4040 qui
678 3940 812 4017 habitat
828 3940 920 4035 Sustr
942 3961 980 4015 et
996 3942 1204 4016 Ecbatunne.
1253 3964 1286 4015 a.
1312 3945 1398 4019 Suc-

187 4044 373 4117 ceffionem
397 4060 463 4136 per
491 4054 559 4115 tres
583 4037 769 4115 decurrisse
796 4038 964 4128 familiar,
991 4039 1095 4134 Cyri,
1127 4034 1229 4111 Darii
1254 4036 1397 4135 Hystas-

186 4136 261 4235 pis,
285 4156 323 4209 et
350 4132 590 4221 Codomanni3
616 4134 676 4230 qui
701 4135 769 4222 duo
794 4134 1007 4233 posteriores
1034 4158 1105 4207 non
1128 4130 1269 4203 suerunt
1295 4158 1316 4208 e
1340 4159 1396 4206 re-

189 4232 364 4423 am
400 4228 555 4400 ern
805 4234 920 4424 u}
1055 4224 1400 4399 inerme

309 4348 470 4427 prsvr.
556 4348 689 4403 ro..
792 4348 1134 4401 .etu...
1330 4348 1401 4429 'o

758 4420 866 4515 Rrg
1288 4416 1402 4513 Diod=
