3575 5884
235 617 1610 929 ι.-

621 1160 630 1225 .·
693 1158 881 1242 nom
903 1164 1065 1266 reparat·
1433 1174 1508 1250 ιιι

274 1342 296 1407 ,'
332 1347 366 1452 ἦ.
392 1342 498 1424 DIV.
514 1342 608 1418 -Hoc
631 1343 839 1443 Synedrium
863 1368 885 1422 a
905 1344 1013 1421 Mose
1037 1339 1141 1420 fuisse
1166 1338 1205 1417 in
1227 1335 1366 1416 deserto
1387 1335 1505 1417 Num.

280 1449 353 1524 Xl.
380 1442 599 1529 institutum,
641 1460 679 1513 et
703 1442 897 1538 deinceps,¹
935 1441 1030 1518 forte
1065 1463 1137 1516 non
1165 1438 1236 1516 fine
1257 1437 1371 1534 aliqua
1394 1436 1503 1508 inter·

274 1542 474 1642 ruptione,
509 1557 547 1609 et
569 1537 702 1633 majore
725 1538 911 1612 minoreve
935 1559 1017 1614 cum
1094 1534 1239 1626 testate,
1263 1527 1503 1620 continuaffe,

279 1638 410 1728 multi,
445 1633 598 1742 Judaeos
626 1631 758 1723 secun,
787 1652 990 1725 autumant,
1043 1656 1101 1707 rne
1123 1632 1236 1707 solido
1260 1631 1502 1707 fundamento.

282 1735 373 1810 Viri
397 1753 494 1805 emm
518 1728 565 1801 illi
585 1748 633 1824 70
656 1728 799 1803 fuerunt
816 1727 913 1805 Most
940 1726 1247 1826 tantum-adjunbii
1271 1727 1315 1800 ad
1343 1744 1503 1819 tempus,

282 1833 434 1907 durante
456 1827 531 1921 ejus
545 1823 865 1920 administratione,
890 1847 936 1899 eo
953 1824 1080 1922 scopo,
1106 1843 1146 1898 ut
1163 1847 1244 1899 eum
1266 1823 1503 1918 aliquatenus,

283 1931 325 2003 in
349 1923 482 2024 populo
508 1921 638 1996 rebelle
660 1939 699 1994 et
725 1920 892 1998 seditioso
917 1920 955 1994 in
974 1922 1135 1996 ordinem
1164 1920 1378 2016 redigendo,
1408 1913 1503 2011 adju·

281 2040 435 2109 vatent,
475 2015 756 2092 extraordinarii·
776 2017 895 2127 itaque
931 2015 1037 2115 ipsius
1071 2015 1226 2089 muneris
1250 2014 1362 2089 Molis
1393 2009 1503 2100 socii,

284 2141 328 2195 et
352 2116 478 2214 spiritu
500 2113 608 2186 etiarn
631 2112 706 2207 ejus
729 2112 871 2193 donati:
931 2113 1002 2187 uod
1026 2136 1072 2187 ex
1099 2111 1293 2186 occalione·
1310 2104 1502 2182 institutio·

278 2216 344 2292 nis
366 2233 509 2298 eorum,
534 2228 572 2281 et
596 2207 726 2305 scopo,
759 2206 855 2283 limul
881 2206 1009 2308 spiritu
1031 2209 1210 2307 ejuecum
1236 2203 1317 2302 ipfir
1341 2224 1500 2278 commu·

284 2311 429 2396 nicam,
461 2304 603 2402 aliisque
630 2301 792 2392 indiciis,
824 2304 936 2380 Num.
961 2304 1024 2378 Xl.
1059 2303 1197 2395 obviis,
1229 2300 1333 2376 facile
1355 2300 1503 2372 demon·
1566 2301 1568 2304 ⁴

277 2406 386 2482 -strari
403 2401 540 2501 pollet,
566 2396 710 2495 srlrujus
734 2398 822 2474 ellet
836 2398 920 2481 loci,
968 2398 1095 2476 Nullus
1110 2418 1230 2474 tamen
1245 2393 1503 2481 dubitaverim,

284 2503 371 2602 quin
395 2497 532 2589 occasio
556 2493 766 2595 synedrium
798 2493 1006 2577 instituendi
1037 2494 1121 2574 inde
1147 2492 1255 2569 fuerit
1281 2493 1414 2584 sumta,
1447 2486 1504 2562 uti

283 2623 332 2675 ex
360 2616 506 2670 numero
531 2593 770 2666 membrorum
795 2613 863 2686 70,
889 2590 948 2665 vel
968 2609 1035 2684 γι,
1061 2613 1202 2702 quoque
1226 2587 1506 2687 elucescitfl.

278 2696 332 2770 de
347 2689 443 2766 mihi
462 2710 603 2786 quoque
616 2686 800 2785 probabile
821 2685 884 2776 fit,
910 2709 947 2760 ιιι
966 2683 1271 2786 prmcrpro·fu1ffe
1288 2681 1504 2774 consellum,

277 2794 346 2867 deu
370 2788 546 2872 senatum,
588 2800 724 2858 tanturn
755 2780 916 2857 virorum
996 2781 1080 2858 titia
1105 2800 1143 2860 et
1173 2779 1313 2881 uirtute
1345 2776 1503 2880 praecel-

283 2883 458 2968 lentium,
484 2878 546 2975 qni
563 2878 730 2972 supremo
752 2876 843 2991 reip.
868 2896 929 2954 et·
963 2877 1107 2954 eclesiae
1131 2875 1326 2955 Rediori'a
1350 2868 1504 2952 confinis

284 2981 401 3056 client
409 3029 423 3063 „
447 2991 486 3045 et
503 2971 767 3068 gubernationis
784 2996 859 3073 ejus
876 2992 1014 3072 partem
1031 2973 1193 3065 obirent,
1217 2973 1305 3050 licut
1321 2973 1422 3050 LXX
1446 2971 1503 3048 vi·

284 3078 319 3150 ri
345 3068 440 3145 Most
467 3067 608 3141 fuerant
622 3066 809 3160 adsociati,
835 3086 872 3142 et
894 3069 1034 3145 inviso
1052 3069 1160 3147 Zach.
1188 3071 1254 3147 III:
1282 3079 1314 3154 8.
1331 3067 1502 3170 sotii'Jo·

276 3164 557 3275 suae,1stdenrer
581 3186 693 3239 coram
705 3161 806 3258 focio
832 3169 926 3239 e'us:
959 3164 1017 3240 sed
1066 3166 1222 3265 rogrellu
1248 3166 1437 3266 temporit,
1462 3183 1506 3244 ut

285 3265 365 3343 tieri
388 3260 541 3351 adsolet,
564 3281 626 3334 eos
643 3261 812 3368 majorem
830 3192 893 3371 libi
910 3189 1110 3374 adrogrlle,
1135 3264 1243 3339 etiam
1263 3260 1505 3362 acquinviffe,

239 3444 242 3448 Α
282 3357 525 3462 potestatem,
564 3354 672 3452 qualis
701 3356 877 3454 Synedrro
909 3359 1017 3435 tribur
1053 3360 1170 3453 solet3
1209 3361 1295 3436 licet
1325 3380 1398 3433 non
1430 3358 1507 3444 sine
1613 3445 1620 3453 ⁸

281 3449 840 3654 {perlustrantia
861 3455 1033 3652 arna
1049 3450 1510 3653 {uitiantur

576 3603 588 3641 ι
826 3604 838 3645 a
1487 3594 1506 3614 ·

285 3675 328 3725 re
351 3663 559 3744 coeperunt.
1247 3680 1251 3689 ·
1383 3663 1385 3669 ·
1492 3676 1494 3681 ·

333 3745 367 3846 ᾗ.
392 3744 481 3819 DV.
523 3734 733 3840 synedrium
766 3764 839 3819 non
876 3744 947 3820 ell‘e
981 3762 1099 3823 tantae
1132 3745 1377 3844 antiquitatis,
1416 3746 1505 3920 guin

281 3863 371 3919 ante
397 3839 633 3915 Maccabaeos
653 3840 770 3914 locum
802 3863 874 3916 non
901 3842 1078 3936 hathuide,
1120 3844 1232 3943 ipsum
1254 3868 1385 3919 nomen
1441 3870 1505 3920 an·

284 3942 416 4025 ludria,
441 3951 481 4009 ut
498 3933 637 4031 Judaeis
649 3934 859 4030 adpellatur,
882 3956 1010 4034 purum
1028 3958 1154 4036 putum
1172 3942 1346 4018 Graecum
1362 3947 1504 4056 augin

286 4035 499 4132 Synedrium,
532 4029 789 4115 Macedonibus
814 4032 995 4125 ulitaturn,
1029 4037 1110 4112 Liv.
1136 4040 1251 4116 XLV:
1280 4064 1337 4136 32.
1363 4060 1503 4134 arguit,

284 4130 347 4205 sed
380 4127 467 4202 aliae
500 4124 654 4200 rationes
688 4125 884 4211 evincunt.¹
925 4133 1171 4230 Praeterquam
1203 4137 1296 4235 quod
1335 4134 1501 4231 nusquam

282 4223 480 4318 inexscript.
500 4222 540 4330 S..
566 4221 736 4316 ejusmodi
760 4225 934 4302 consessus
951 4228 1014 4302 fiat
1038 4226 1195 4325 mentio,
1222 4233 1309 4305 ficut
1332 4230 1410 4305 lieri
1436 4235 1499 4308 de·
1557 4292 1559 4296 2

288 4323 416 4408 bebat,
442 4315 623 4404 findet,
649 4341 728 4391 eum
756 4317 885 4395 summa
902 4347 1017 4399 rerum
1041 4350 1152 4425 penes
1175 4351 1254 4400 eum
1271 4347 1368 4420 erat,
1394 4331 1501 4427 Judi·

285 4440 350 4490 ces
374 4438 403 4510 ‚a
427 4413 532 4486 Mose
562 4412 727 4523 declarati
761 4414 839 4491 sunt
863 4420 1071 4498 Sacerdotes
1089 4479 1115 4515 ,.
1143 4443 1179 4496 et
1204 4422 1354 4498 Levitae
1386 4429 1498 4515 Dent.

289 4511 412 4588 XVII.
446 4528 484 4581 et
514 4508 682 4622 dernceps
713 4515 1002 4610 extraordinarii,
1047 4520 1144 4596 fimul
1173 4517 1335 4594 vindices
1368 4523 1504 4601 etodu·

286 4630 369 4691 ces,
391 4603 487 4678 simul
511 4605 648 4704 judicer
667 4610 788 4697 aDeo
805 4612 991 4704 suscitati,
1012 4633 1052 4702 et
1067 4612 1150 4691 dein
1165 4614 1305 4717 Reges,
1329 4622 1507 4715 populum

337 4700 426 4780 Tam.
451 4701 504 4785 ΙΙ.
850 4706 960 4785 Vvv
1259 4722 1271 4736 ⁸
1298 4711 1505 4819 gubernallb
