3575 5884
272 1064 364 1153 574„
615 1027 758 1151 &storia
780 1024 1087 1138 Ecclesiasticpr,
1115 1021 1159 1109 T,

280 1225 376 1333 ignis
400 1246 421 1301 e
441 1216 544 1298 coelo
569 1212 735 1293 debuisset
760 1209 897 1303 delabi,
926 1212 968 1287 ad
988 1214 1083 1289 hanc
1106 1217 1257 1313 urbem,
1280 1231 1445 1311 tanquam
1461 1208 1509 1285 al·

283 1346 395 1407 teram
413 1319 614 1401 Sodomam,
639 1328 675 1383 et
702 1308 934 1399 Gomorram,
963 1308 1125 1385 funditus
1146 1312 1423 1409 exstirpandam,
1448 1324 1506 1380 aut

287 1444 401 1509 terrae
429 1415 526 1491 hiatu
549 1406 746 1495 absorberi,
773 1408 833 1479 vel
858 1408 1028 1482 eluvione
1055 1410 1189 1499 deleri3
1224 1411 1275 1483 ita
1299 1408 1343 1481 de
1369 1408 1408 1478 B.
1435 1401 1509 1500 lud.

288 1525 314 1599 ι,
339 1520 387 1595 V.
412 1513 472 1589 lin.
519 1506 573 1581 Ex
596 1524 688 1600 quo,
711 1520 753 1575 ut
776 1500 861 1577 illud
889 1503 1009 1605 obiter
1035 1506 1241 1593 observem,
1266 1504 1372 1577 sacile
1389 1497 1511 1574 eluces·

289 1615 362 1706 cit,
386 1604 571 1685 memoriae
595 1599 727 1695 lapsum
742 1596 785 1673 in
803 1599 964 1697 Origene
982 1600 1053 1675 esse
1072 1600 1317 1690 statuendum,
1344 1596 1406 1672 ubi
1431 1616 1511 1669 con·

293 1710 347 1789 tr'a
371 1703 456 1781 cels.
481 1700 504 1775 l.
530 1698 560 1772 1.
585 1695 716 1783 tradit,
758 1714 795 1767 et
823 1719 870 1770 err
897 1721 943 1770 eo
971 1696 1051 1773 Eus.
1078 1694 1172 1773 llist.
1199 1698 1334 1771 Eccles.
1363 1697 1411 1768 11.
1439 1714 1512 1785 23.,

317 1802 484 1898 'osephum
510 1792 645 1867 causam
669 1789 801 1866 excidii
829 1790 1034 1889 quaesivisse
1058 1792 1096 1867 in
1114 1794 1222 1867 caede
1249 1792 1381 1891 Jacobi
1406 1786 1512 1884 Apos-

295 1900 381 1979 toli:
407 1894 571 1990 nusquam
588 1888 682 1963 enim
709 1887 804 1961 illlud
820 1889 914 1985 apud
931 1890 1001 1986 Jos,
1027 1890 1222 1988 reperitur,
1248 1911 1287 1962 et
1303 1887 1380 1985 ipse
1400 1887 1513 1973 aliam,

294 2019 335 2077 ut
359 1992 466 2068 modo
494 1984 637 2074 notavi,
669 1982 792 2058 statuit
814 1985 960 2061 causam.
1011 1988 1194 2060 Memorat
1222 1985 1368 2082 quidem
1397 1980 1513 2081 Jacobi

253 2144 259 2151 -
295 2115 444 2182 necem,
469 2080 680 2159 aPontifice
699 2078 974 2178 injusteillatam
988 2081 1076 2157 Ant.
1103 2083 1182 2155 XX:
1208 2105 1246 2173 9.
1277 2082 1339 2156 sed
1359 2078 1406 2153 de
1425 2077 1515 2154 causa

297 2186 429 2271 excidii
452 2204 518 2279 pet
543 2180 725 2253 Romanos
749 2176 839 2251 nihil
864 2179 994 2269 habet,
1027 2178 1101 2253 imo
1125 2176 1213 2275 ¹ibid.
1248 2201 1327 2274 cap.
1358 2185 1391 2257 8.
1417 2176 1456 2251 in
1478 2173 1514 2252 si·

295 2286 472 2367 emiorum
495 2292 533 2347 et
558 2271 780 2349 scelestorum
804 2274 992 2349 hominurn
1020 2275 1125 2372 copia
1149 2299 1228 2348 earn
1251 2271 1455 2349 constituit.

307 2378 327 2464 ,’
343 2382 374 2482 5.
399 2373 535 2452 DLIV.
561 2369 688 2443 Causae
706 2394 817 2461 vero,
833 2396 924 2470 quae
941 2369 1092 2469 Judaeos
1106 2391 1319 2460 moverunt,
1345 2367 1443 2449 simul
1460 2369 1516 2441 ob·

298 2474 443 2557 stinatos
460 2468 643 2554 fecerunt,
669 2487 810 2562 praeter
825 2470 948 2543 duram
965 2485 1002 2540 et
1017 2466 1217 2541 diuturnam
1231 2467 1445 2541 servitutem
1463 2464 1517 2538 sub

299 2565 491 2655 Romanis,
523 2581 561 2636 et
586 2585 711 2659 eorum
735 2564 1043 2655 Procuratoribus,
1068 2562 1229 2662 Judaeis‚
1266 2582 1433 2658 tanquam
1457 2583 1516 2659 po·

299 2664 385 2786 p'ulo
412 2662 484 2739 Dei
518 2658 618 2749 veri,
659 2683 734 2734 non
759 2662 907 2760 amplius
939 2660 1137 2751 ferendam,
1175 2684 1278 2758 quarn
1313 2684 1338 2733 o
1364 2658 1518 2733 inionem

316 2790 371 2839 am
398 2784 418 2831 a
442 2760 551 2850 longo
575 2754 797 2842 inbiberant,
823 2760 932 2854 Judas
954 2780 1042 2831 vero
1062 2757 1254 2845 Galilaeus,
1280 2683 1364 2853 poi
1386 2751 1526 2830 Ardre'

208 2870 210 2875 ’
297 2794 394 2937 iaum
411 2852 627 2946 relegatum,
653 2848 737 2923 dein
750 2852 833 2948 ejus
849 2853 1031 2950 sequaces,
1051 2852 1223 2926 continuo
1239 2868 1521 2938 renovaverant,

301 2948 341 3051 est
366 2947 560 3023 firmiorem
593 2945 840 3041 reddiderant,
880 2950 1053 3048 variisque
1091 2948 1128 3023 in
1164 2948 1294 3023 casibus
1327 2946 1523 3045 ipso-satio

301 3045 566 3152 explicuerant,
592 3063 633 3114 ut
650 3043 812 3138 superior
833 3045 979 3120 historia
1003 3046 1150 3131 docuit;
1174 3064 1314 3144 praeter
1333 3045 1448 3135 hanc,
1473 3045 1521 3118 ia·

302 3167 427 3245 quam,
452 3162 636 3235 proximae
661 3137 816 3217 suerunt.
868 3169 899 3218 1.
926 3143 1033 3218 Gcffii
1054 3139 1149 3214 l'lori
1173 3142 1249 3214 dira
1272 3140 1466 3238 rapacitas,
1489 3157 1522 3213 et

303 3243 494 3347 inhumana
526 3234 702 3326 saevitia,
744 3256 783 3310 et
817 3240 999 3337 tyrannica
1033 3240 1133 3335 plane
1173 3237 1415 3335 gubernati0,
1462 3254 1523 3309 nec

305 3365 381 3417 non
407 3335 606 3410 vicinarum
621 3333 809 3431 aliquarum
835 3334 1022 3411 civitatum
1049 3334 1235 3411 inhumana
1253 3335 1411 3408 vexatio.
1460 3335 1524 3406 Cu·

304 3441 361 3537 jjus
384 3433 437 3506 rei
465 3431 601 3506 ratione
628 3430 765 3521 habita,
808 3430 932 3530 Judaei
960 3459 980 3508 a
1003 3429 1074 3530 Jos,
1102 3429 1140 3504 in
1165 3436 1234 3505 vira
1257 3430 1315 3503 sua
1348 3429 1381 3529 5
1409 3435 1442 3503 6.
1476 3426 1525 3501 di·

304 3550 435 3630 cuntur
462 3553 536 3603 non
561 3532 707 3628 sponte,
734 3528 793 3605 sed
821 3528 937 3605 coasli
962 3527 1181 3615 necestitate,
1215 3528 1340 3601 bellum
1367 3522 1525 3600 moviss‘e.

309 3650 344 3702 2.
372 3623 573 3729 Zelotarurn
598 3646 634 3700 et
661 3624 1063 3727 pseudo-prophetarum
1087 3622 1350 3721 instigationes,
1375 3642 1414 3696 et
1440 3643 1526 3698 vana

336 3717 621 3795 romrssauuxilii
648 3722 795 3813 Divini,
838 3723 911 3797 sive
938 3722 1040 3810 fieta,
1076 3745 1176 3810 cum,
1216 3719 1305 3792 teste
1331 3720 1403 3815 Jos,
1430 3722 1469 3793 B.
1495 3717 1526 3814 J.

351 3817 378 3886 l:
406 3835 440 3903 5.
476 3818 579 3921 mariti
614 3819 747 3892 fuerint
774 3845 793 3892 a
821 3818 954 3892 Zelotis
986 3818 1065 3915 ipsis
1099 3814 1276 3890 subornati
1306 3816 1527 3912 prophetae,

307 3912 390 4011 qui,
416 3910 487 3985 Der
506 3913 678 3987 auxilium
702 3915 770 3989 esse
789 3915 1078 4011 exspesiandum,
1103 3913 1376 3999 adnuntiarunt,
1404 3936 1449 3985 ne
1467 3933 1528 4008 po·

308 4007 409 4106 pulus
434 4004 690 4100 transfugeret,
717 4032 776 4084 aut
804 4012 1024 4109 desperaret,
1056 4009 1127 4084 five
1154 4009 1242 4084 falsis
1266 4006 1454 4105 principiis
1477 4008 1526 4080 su·

307 4099 528 4273 perstrusla,
554 4121 615 4191 ut,
646 4107 740 4197 quod
758 4110 856 4180 Deus
873 4110 1062 4206 populum,
1086 4125 1124 4178 et
1143 4109 1332 4204 Templum
1347 4103 1530 4202 religionis

325 4197 447 4279 edem,
483 4196 526 4268 fit
555 4217 747 4288 tutaturus,
781 4222 819 4273 et
842 4204 967 4277 foedus
993 4229 1073 4277 cum
1099 4207 1233 4301 populo
1260 4203 1387 4278 initum
1413 4199 1539 4274 vindi--

305 4312 466 4385 caturus,
492 4290 649 4391 denique
675 4314 814 4389 tempus
837 4298 909 4392 jam
937 4299 1130 4389 adluxerit,
1156 4325 1226 4395 quo
1253 4299 1394 4375 Messias
1418 4321 1530 4395 popu·

305 4393 376 4462 lum
402 4383 497 4455 suum
536 4386 577 4457 fit
603 4392 810 4465 visitaturus.
861 4395 966 4487 Cujus
1003 4393 1183 4502 opinionis
1209 4397 1342 4471 indicia
1372 4395 1533 4492 jamdiu

300 4502 425 4591 antea,
450 4476 511 4553 sub
536 4481 649 4562 finem
673 4487 832 4565 Herodis
857 4491 938 4584 M.,
963 4507 1003 4567 ut
1028 4513 1067 4565 an
1090 4489 1165 4591 ejus
1188 4493 1337 4573 historia
1360 4492 1534 4579 vidimus,

558 4606 562 4613 “
1005 4648 1022 4687 ,
1420 4680 1439 4695 .
1467 4585 1538 4665 sesa

1223 4712 1244 4747 U

1229 4802 1246 4837 0
