3575 5884
614 1182 651 1261 ξ’·
695 1156 874 1253 ”Ῥιν1ὐᾶιι“ε
897 1178 1051 1255 Sexta-²
1080 1188 1143 1217 '‘·'
1422 1188 1501 1281 μς

261 1386 348 1441 mm
368 1358 413 1434 ad
430 1354 526 1430 hanc
543 1354 799 1445 calamitatem,
823 1378 889 1453 per
905 1354 1053 1430 Darium
1071 1376 1109 1431 et
1126 1357 1270 1431 Xerxen
1288 1357 1406 1433 Babeli
1423 1360 1498 1439 iila·

266 1482 369 1547 tam,
399 1452 585 1527 reserenda
599 1452 652 1525 est
667 1452 835 1549 pericopa
850 1452 922 1548 Jer.
947 1454 989 1525 L
1017 1462 1177 1533 21-28.
1203 1455 1318 1527 etLI:
1349 1478 1406 1544 11,
1435 1482 1494 1551 ro,

270 1564 332 1651 36,
359 1574 424 1643 51.
447 1568 488 1619 ut
514 1550 553 1623 in
577 1552 714 1623 Comm.
738 1548 883 1644 exposui
911 1566 949 1621 et
973 1545 1223 1625 demonstravi.

267 1702 274 1711 .
313 1650 349 1748 ᾗ,
376 1644 586 1719 CCCXXX.
628 1644 817 1717 Vertarnus
847 1664 912 1715 nos
938 1666 1034 1718 nunc
1064 1644 1107 1718 ad
1140 1643 1345 1744 singularem
1371 1646 1493 1745 perio·

269 1748 353 1821 dum
376 1738 612 1815 illustrandam
636 1738 737 1833 regni
762 1736 910 1828 Persici,
937 1764 1044 1835 quae,
1072 1740 1178 1814 nimia
1202 1746 1258 1817 sua
1284 1743 1493 1837 insolentia,

273 1838 434 1937 superbia
458 1854 498 1907 et
517 1832 735 1929 cupiditate,
757 1833 983 1907 fundamenta
1007 1838 1127 1910 ruinae
1146 1837 1226 1910 suae
1251 1840 1354 1930 ecit,
1380 1864 1491 1939 quae,

273 1938 333 2013 sub
351 1931 467 2009 Dario
494 1948 533 2002 et
558 1930 675 2005 Xerxe
701 1930 739 2004 in
790 1930 887 2005 rimis
912 1930 1039 2023 fluxit,
1060 1953 1098 2005 et
1123 1934 1218 2006 Dan.
1283 1938 1345 2011 111.
1371 1962 1492 2034 repre·.

269 2034 452 2116 sentatur,
476 2025 539 2098 ubi
556 2026 646 2101 aries
671 2050 709 2101 re
736 2050 773 2101 nr
797 2026 926 2100 Persici
955 2051 1021 2123 pro
1046 2031 1151 2101 lubitu
1172 2027 1296 2125 feciffe
1320 2033 1491 2125 traditur,

275 2144 314 2213 'et
337 2122 512 2221 trtagnifice
535 2120 572 2195 se
598 2050 765 2217 remissie:
790 2120 843 2195 uti
868 2123 906 2194 in
930 2122 1018 2195 Diis.
1043 2124 1110 2196 111.
1133 2124 1176 2195 ad
1193 2126 1283 2199 Dan.
1309 2126 1402 2201 eirca
1428 2130 1491 2205 iin.

278 2217 453 2320 explicui,
486 2240 595 2312 quare
617 2218 679 2293 hic
703 2216 882 2291 suffecerit
908 2221 1021 2291 verbo
1044 2218 1201 2309 notasse,
1238 2243 1283 2293 eo
1309 2221 1491 2319 pertinere

280 2343 310 2394 r.
336 2312 514 2391 infinitam
539 2311 616 2385 sere
637 2312 839 2388 divitiarum
857 2332 894 2387 et
917 2336 1036 2411 opum.
1052 2314 1209 2410 copiam,
1236 2340 1303 2411 qua
1327 2317 1362 2390 se
1383 2318 1494 2415 jadia-

275 2434 382 2501 tont,
406 2428 446 2481 et
459 2408 586 2481 statum
607 2408 708 2507 regni
723 2409 973 2499 firmissimum,
996 2409 1223 2507 omnibusque
1248 2412 1493 2509 superiorem,

279 2510 351 2584 eise
376 2502 620 2594 crediderunt,
653 2506 712 2579 sed
748 2529 818 2601 quo
849 2505 1019 2581 invidiam
1046 2525 1083 2579 et
1112 2507 1321 2583 desiderium
1345 2509 1493 2583 aliorum

280 2604 490 2705 populorum
529 2598 626 2673 simul
664 2602 913 2675 accenderunt.
968 2624 999 2676 a.
1018 2602 1268 2699 ‚Despoticum
1307 2606 1490 2703 regimen,

278 2699 372 2799 quod
396 2698 458 2773 sub
482 2696 650 2793 Cambyse
675 2696 832 2793 incepit,
866 2695 988 2783 etsub
1013 2697 1367 2792 Xerxe-potissimum
1391 2702 1491 2776 inva-¹

276 2797 363 2886 luit,
403 2818 476 2891 quo
498 2814 601 2888 reges
624 2791 757 2865 Perfiae
781 2793 852 2865 sese
887 2790 1022 2887 legibus
1045 2792 1175 2866 solutos
1202 2794 1398 2891 gesserunt,
1440 2797 1491 2875 ita

275 2914 314 2968 ut
340 2915 425 2965 cum
448 2888 612 2978 subditis,
644 2888 717 2961 imo
741 2905 820 2960 toto
846 2888 953 2976 orbe,
979 2886 1015 2959 se
1039 2891 1274 2983 pronomine
1298 2892 1358 2965 suo
1383 2918 1490 2992 agere

304 2987 379 3061 osse
414 2982 634 3058 crediderint.
674 2983 797 3089 ¹Quod
829 2982 960 3077 ipsum,
993 2980 1080 3055 srcut
1118 2986 1291 3076 Graecos,
1326 2984 1492 3087 ternpore

276 3016 413 3159 iterius
434 3076 635 3168 invasionis,
662 3098 758 3151 tanta
777 3078 891 3152 induit
909 3080 1062 3167 virtute,
1088 3102 1132 3152 ne
1150 3082 1405 3159 subPersarum
1430 3111 1494 3173 ca·¹

276 3180 406 3253 derent
428 3174 641 3264 dominium,
666 3174 715 3246 ita
738 3174 830 3247 inter
860 3174 1051 3247 inmortalis
1074 3174 1147 3250 odii
1175 3177 1329 3276 ipsorum
1353 3182 1390 3257 in
1407 3184 1491 3257 Per-

277 3275 327 3350 sas
362 3271 477 3346 causas
502 3272 595 3353 haud
626 3271 785 3344 infimum
818 3271 932 3343 tenuit
956 3272 1071 3343 locum
1104 3297 1139 3381 3.
1163 3277 1357 3372 Superbum
1385 3278 1494 3375 Regis.

276 3372 387 3464 magni
410 3367 570 3459 titulum,
604 3389 708 3463 quem
733 3366 909 3440 Persarum
935 3389 1036 3463 reges
1059 3368 1121 3442 sibr
1150 3368 1211 3441 soli
1242 3369 1494 3463 vindicarunt,

277 3486 313 3540 et
335 3462 533 3561 gesserunt:
573 3486 676 3557 quem
703 3462 831 3535 Graeci
866 3463 1058 3560 aegerrime
1083 3464 1246 3536 tulerunt.
1294 3486 1328 3552 4.
1354 3466 1494 3539 Intole-.

279 3562 416 3635 randam
441 3557 673 3633 ambitionem
707 3577 745 3630 et
768 3558 982 3652 superbiam,
1025 3560 1148 3654 quase
1173 3560 1264 3629 ultra
1282 3555 1432 3651 limites,
1467 3586 1491 3638 a

280 3656 378 3751 regni
401 3653 646 3729 conditoribus
669 3653 777 3742 fixos,
814 3654 1063 3741 extendentes,
1104 3671 1142 3724 et
1168 3650 1360 3726 enormiter
1383 3656 1487 3755 super

280 3755 373 3850 prius
397 3776 517 3841 corna,
546 3751 605 3823 seu
622 3752 771 3843 Cyrum,
797 3750 993 3836 elevantes,
1021 3749 1194 3838 Graecos,
1221 3767 1398 3849 totamque
1415 3758 1485 3831 Eu.

278 3870 398 3947 ropam
418 3846 514 3935 sere,
540 3843 602 3918 srbi
626 3844 768 3941 adgressi
794 3844 872 3918 sunt
889 3844 1070 3937 subjicere.
1120 3846 1197 3946 Qua
1221 3846 1355 3922 ratione
1376 3852 1497 3939 Grae·¹

278 3968 335 4019 cos
364 3942 569 4029 irritarunt,
607 3959 646 4011 et
682 3961 803 4012 contra
830 3941 865 4012 se
896 3942 1101 4014 animarunt.
1159 3942 1240 4040 Quo
1275 3943 1360 4019 facit
1384 3950 1498 4023 Darii.

281 4060 316 4113 et
333 4034 689 4124 Xerxis-insolentia,
720 4062 835 4129 optram
853 4037 955 4129 ipsura
980 4055 1160 4130 tartaraque
1173 4036 1420 4133 postulantium,
1448 4044 1497 4115 in·

281 4136 368 4211 bello
394 4130 609 4217 indicendo,
635 4130 849 4203 intoleranda
870 4131 997 4205 Xerxis
1024 4132 1202 4229 superbia,
1228 4138 1343 4231 quase
1364 4154 1497 4227 etorrtn,
1557 4130 1560 4139 ’

281 4236 365 4305 natm
388 4231 550 4302 storacinam
573 4228 711 4311 aborta
737 4226 779 4299 ad
806 4227 975 4324 occasum,
1001 4248 1039 4301 ut
1056 4228 1160 4303 tradit
1184 4232 1385 4304 AEscirines
1402 4255 1496 4309 con··

279 4340 328 4399 tra
343 4323 510 4419 Ctestph,
535 4340 693 4415 itaquae
718 4350 759 4395 ar
787 4341 894 4398 terrae
912 4326 1085 4400 Dominum
1108 4327 1279 4423 jadiavit,
1305 4326 1497 4404 Herodot...

281 4422 301 4495 l.
326 4422 409 4494 Vll.
437 4419 589 4514 denique
608 4417 733 4489 Xerxis
752 4418 953 4518 adrogantia
973 4445 1011 4497 et
1029 4425 1197 4510 ambitio,
1224 4420 1339 4515 quase
1360 4441 1498 4507 terram,

280 4516 469 4606 Perfidenr,
489 4513 636 4587 Graecis
657 4512 828 4605 desistis,
853 4520 975 4593 (irritari
990 4520 1091 4611 Joris
1112 4518 1357 4605 taeterrimam,
1383 4536 1493 4590 rotare

276 4614 441 4706 Europam
460 4610 681 4707 permensum,
711 4636 816 4697 onmes
842 4632 949 4691 terras
974 4640 1072 4691 anain
1095 4617 1252 4706 regionem
1272 4610 1497 4709 redditurum,

271 4706 414 4815 {artavit
437 4707 530 4805 apud
557 4706 733 4786 Herodot.
759 4708 782 4785 l.
809 4710 847 4786 V
850 4710 914 4795 114
1207 4702 1238 4799 s.
1265 4700 1494 4795 CCCXXXI'„

1581 4828 1632 5058 s
