3575 5884
276 1013 351 1099 '59²
614 984 761 1092 ffistoria
782 981 1086 1085 EcclesiasticW.
1113 982 1155 1063 Y.

282 1200 348 1258 tore
371 1202 413 1254 es
440 1176 576 1252 Oriente
592 1171 731 1269 futura,
762 1169 806 1243 ad
833 1169 948 1267 ipsum
972 1166 1202 1265 adplicitnm,
1231 1165 1275 1245 de
1298 1170 1497 1271 quo-supra⁴

279 1276 343 1355 suo
369 1278 451 1350 loco
467 1298 487 1346 e
514 1272 546 1361 i,
572 1266 870 1368 praenunciasset,
899 1265 994 1362 quod
1011 1288 1094 1338 mox
1110 1263 1250 1339 fecerat
1269 1267 1311 1340 ab
1330 1268 1398 1342 illis
1414 1293 1496 1367 cap·

278 1394 359 1464 tus,
398 1373 420 1445 l.
450 1296 513 1442 lli.
539 1391 569 1440 c.
596 1389 652 1437 st.
686 1362 768 1436 illud
794 1386 839 1436 ue
863 1360 945 1472 post
977 1360 1159 1435 biennium
1190 1361 1365 1456 inpletum
1388 1365 1493 1439 ellet:

282 1468 445 1570 quando,
471 1461 603 1536 eatenis
630 1459 742 1533 securi
770 1387 912 1548 itastis,
938 1475 978 1531 ut
995 1457 1103 1530 moris
1128 1476 1205 1530 erat
1230 1456 1350 1554 liquis
1374 1459 1495 1555 injuste

281 1583 359 1641 erat
387 1559 543 1646 classus,
586 1554 741 1629 libertati
765 1579 838 1629 non
867 1573 1003 1629 tantum
1026 1552 1078 1626 est
1098 1553 1276 1643 redditus,
1311 1554 1365 1627 uti
1391 1557 1496 1631 refert

282 1659 329 1738 ile
354 1661 391 1731 ll.
423 1658 454 1752 J.
490 1655 511 1728 l.
539 1652 608 1724 IV:
647 1677 703 1725 10.
737 1651 796 1725 sed
829 1670 868 1724 et
900 1650 1134 1745 lnpemtoris,
1176 1651 1213 1721 in
1247 1648 1371 1745 primis
1397 1652 1494 1742 Titi,

280 1751 487 1850 singularem
505 1746 626 1821 nasius
642 1745 713 1837 est,
738 1767 777 1821 et
793 1744 943 1820 retinuit
959 1742 1116 1839 semper,
1133 1742 1315 1833 favorem3
1342 1769 1388 1818 ex
1404 1756 1493 1842 quo,¹

280 1846 428 1925 nornine
453 1842 565 1918 Flavii
590 1844 779 1939 adoptato,
813 1839 977 1938 adpellari
1003 1840 1127 1935 eoepit
1149 1840 1286 1913 Florius
1309 1841 1493 1938 Jaseplrus,

280 1965 319 2019 et
351 1941 501 2015 civitate
541 1940 688 2013 donatus
728 1932 780 2011 est
810 1939 982 2011 Romana.
1039 1933 1215 2009 Praestitit
1255 1938 1327 2009 sese
1359 1960 1494 2034 quoque

280 2040 374 2115 Tito
412 2035 450 2109 in
485 2035 675 2109 obseffione
708 2033 978 2130 Hierosolymae
1018 2031 1126 2104 fidum
1161 2031 1361 2122 comitem,
1403 2033 1495 2106 fimul

281 2133 418 2235 populo
444 2135 524 2219 suo,
550 2148 717 2226 quantum
745 2147 852 2226 pote,
877 2127 1053 2210 amicum
1078 2127 1227 2200 obsessos
1253 2126 1296 2199 ad
1313 2130 1493 2207 meliorem

281 2249 442 2306 mentem
466 2225 636 2314 studiose,
671 2223 756 2297 licet
779 2221 969 2311 incassum,
994 2222 1233 2309 adhortando,
1265 2224 1391 2298 amicis
1413 2248 1495 2298 vero

281 2340 321 2401 'et
354 2325 467 2414 notis,
510 2347 530 2395 a
565 2322 654 2394 Tito
690 2318 822 2414 captis,
863 2317 1063 2392 libertatem
1093 2318 1316 2414 inpetrando.
1370 2320 1494 2395 Tuitus

283 2420 437 2516 denique
462 2419 495 2491 se
513 2415 563 2488 est
587 2429 710 2489 contra
733 2415 887 2488 aemulos
911 2432 948 2486 et
964 2413 1080 2485 hostes
1102 2416 1180 2486 suos
1196 2412 1374 2505 feliciter,
1399 2417 1492 2494 etin

280 2512 508 2612 Vespasiani,
540 2534 580 2586 ac
606 2509 707 2601 Titi,
744 2510 853 2583 etiam
880 2507 1078 2583 Domitiani
1101 2507 1329 2584 continuavit
1353 2512 1493 2600 favore3

281 2614 421 2689 Romae
451 2605 606 2682 versatus
637 2606 753 2680 donec
786 2605 897 2680 vitam
930 2602 979 2678 ibi
1011 2601 1170 2677 finiverit
1202 2604 1296 2678 haud
1327 2607 1389 2681 diu
1420 2605 1494 2702 post

285 2711 415 2797 ratium
446 2702 644 2778 Domitiam
669 2724 816 2789 annum,
856 2724 926 2797 quo
950 2699 1077 2772 Libros
1101 2697 1364 2796 Antiquitatum
1392 2704 1494 2776 absol·

280 2785 357 2888 vit,
399 2799 459 2894 qui
486 2797 537 2868 est
572 2820 680 2869 annus
705 2797 829 2869 aetatis
855 2797 930 2892 ejus
964 2803 1084 2886 56tut,
1124 2794 1194 2868 a'er.
1221 2798 1269 2871 V.
1295 2821 1367 2892 933
1400 2818 1493 2873 natus

282 2896 379 2972 eninr
418 2891 469 2964 est
500 2914 580 2966 ann.
618 2917 687 2965 rma
720 2891 794 2986 Caji
828 2890 1026 2989 Caligulae,
1068 2910 1105 2964 et
1137 2887 1217 2985 post
1250 2917 1356 2991 quern
1391 2894 1494 2968 libros

280 3009 407 3080 contra
432 2987 464 3057 A
494 2987 612 3061 ionem
638 2986 873 3083 conseripsit.'

324 3085 355 3185 §-
383 3084 449 3156 DL
486 3084 529 3156 X.
564 3085 662 3156 Inter
687 3082 817 3179 scripta
841 3085 935 3179 ejus,
959 3105 1046 3178 quae
1070 3098 1221 3154 aetatem
1246 3084 1426 3176 tulerunt,
1459 3104 1494 3160 et

278 3180 491 3266 novillime,
533 3199 613 3251 eum
647 3177 753 3251 variis
786 3177 1058 3272 adpendicibus,
1102 3198 1183 3248 cura
1214 3177 1499 3279 Havercampii,

279 3276 510 3383 prodierunt,
537 3292 576 3346 ut
603 3273 682 3347 alias
704 3272 842 3347 mittam
866 3274 1061 3361 editiones,
1085 3273 1235 3367 primum
1261 3276 1387 3350 ordine
1411 3299 1494 3351 tem·

247 3406 253 3415 ¹
280 3375 380 3478 poris
406 3376 521 3446 locuni
546 3388 669 3444 tenent
697 3369 829 3465 septem
864 3369 943 3444 libri
965 3370 1049 3443 Belli
1071 3369 1232 3462 Judaici,
1267 3370 1416 3446 durante
1444 3375 1494 3448 in·

279 3470 384 3568 perio
410 3465 611 3564 Vespasiani
638 3465 778 3562 scripti,
810 3466 875 3560 ipsr
901 3490 1056 3562 quoque,
1091 3489 1132 3538 ac
1159 3464 1269 3555 Tito,
1302 3488 1340 3540 et
1363 3470 1496 3568 Agrip·

277 3588 347 3740 {ne
366 3564 480 3658 Regi,
505 3561 666 3660 aliisque,
684 3562 741 3659 qui
758 3563 849 3635 bello
868 3563 1120 3646 interfuerant,
1141 3561 1248 3634 oblati
1269 3586 1310 3635 ac
1328 3588 1494 3663 compro·

305 3659 374 3747 ati,
419 3676 458 3728 ut
485 3659 558 3753 ipse
583 3659 693 3733 refert
730 3659 767 3730 in
790 3663 859 3732 rito
890 3658 921 3755 s.
949 3664 1007 3747 65.
1056 3655 1315 3751 conscripserat
1351 3662 1498 3755 quidem

278 3757 432 3856 primum
460 3752 579 3847 lingua
603 3761 714 3850 patria
747 3755 783 3825 in
812 3755 907 3826 usum
936 3751 1134 3846 tribulium,
1174 3752 1294 3849 etqui
1320 3756 1501 3848 Graecam

278 3876 353 3949 non
379 3848 570 3938 callebant,
596 3871 635 3923 ut
664 3852 699 3925 in
724 3853 879 3946 prooemio
907 3848 1016 3937 dicit,
1044 3847 1114 3922 srve
1140 3848 1259 3944 potius
1283 3853 1499 3946 Syro-Chal·'

277 3949 383 4032 daea,
419 3964 502 4015 tunc
530 3945 732 4035 usitatiore3
768 3945 944 4041 utriusque
969 3950 1090 4040 utique
1116 3942 1306 4018 censendus
1334 3947 1386 4020 est
1412 3949 1504 4027 fuis.

276 4034 314 4122 se
337 4040 489 4137 peritus,
515 4060 578 4132 qua
596 4042 747 4134 Judaeus
772 4062 809 4113 et
833 4041 1020 4128 Sacerdos,
1046 4041 1103 4135 qui
1121 4042 1504 4212 Antiquitatessludaei

276 4162 400 4223 orum,
435 4155 473 4208 ut
500 4135 740 4227 mordicum,
784 4160 828 4209 ex
852 4136 971 4235 lingna
998 4135 1171 4236 Originali
1199 4136 1328 4233 Seript.
1382 4197 1414 4233 .,
1458 4159 1501 4223 et¹

276 4258 350 4314 non
373 4250 507 4303 tantum
535 4256 580 4305 ex
597 4231 731 4305 Graeca
758 4232 940 4323 versione,
968 4233 1186 4328 composuit:
1212 4234 1256 4307 de
1273 4258 1343 4332 quo
1359 4237 1501 4315 consuli

277 4329 426 4426 possunt
464 4328 620 4402 Ull'erius
654 4327 689 4401 in
723 4324 910 4420 Epistolis,
952 4345 989 4400 et
1015 4331 1064 4402 H.
1091 4331 1202 4425 llody
1227 4329 1271 4402 de
1295 4331 1383 4407 Bibl.
1409 4347 1503 4416 text,

278 4428 409 4532 prigln.
436 4423 457 4500 l.
485 4425 549 4504 111.
586 4424 669 4505 dein
693 4422 730 4500 in
757 4419 932 4518 Linguam
963 4423 1133 4501 Graecam
1165 4425 1357 4522 transtulit,
1399 4434 1503 4531 cnjus

1308 4546 1312 4557 ·
1337 4537 1339 4541 '
1360 4530 1507 4629 quoque
