3575 5884
283 1144 357 1222 m
604 1089 1031 1208 'ustuuecuaassea
1044 1108 1097 1188 a
1126 1106 1169 1185 a

288 1302 357 1390 tis,
385 1294 478 1373 illius
495 1315 558 1392 per
573 1291 675 1366 Alex.
701 1292 782 1379 M.‚
807 1291 912 1388 hujus
933 1310 997 1387 per
1013 1286 1288 1377 Nealcadnez„
1313 1285 1523 1379 excidium,

288 1422 361 1471 una
394 1417 475 1469 cum
507 1391 580 1486 ejus
616 1387 942 1484 consequentibus,
983 1386 1080 1462 vivis
1115 1384 1280 1483 depingit
1311 1384 1520 1474 coloribus;

289 1493 342 1570 uti
367 1492 404 1565 in
429 1491 564 1563 Comm.
591 1484 634 1557 ad
652 1482 783 1556 Ezech.
810 1484 886 1558 fuse
912 1483 1069 1580 exposui
1119 1484 1207 1558 Cum
1226 1499 1348 1556 autem
1377 1501 1517 1577 tempo

289 1615 329 1666 re
362 1580 551 1661 obfidionis
582 1578 674 1677 Tyri
709 1578 855 1656 subsidia
889 1578 955 1678 ipfi
987 1578 1148 1655 miserint
1183 1577 1414 1666 Samaritani,
1458 1576 1517 1654 sed

288 1679 499 1782 negaverlnt
526 1675 870 1772 llicrosolymitani,
909 1681 976 1751 illis
1001 1675 1073 1750 sese
1103 1674 1287 1748 faventem
1312 1672 1515 1771 praestitit,

288 1794 357 1856 nec
392 1789 511 1848 tamen
547 1796 610 1845 eos
635 1771 742 1859 adiit,
784 1774 896 1847 multo
931 1771 1047 1846 minus
1075 1770 1268 1866 Templum
1303 1769 1516 1845 aedificandi

287 1871 499 1975 potestatem
516 1867 635 1957 dedit,
662 1865 757 1964 quod
775 1869 857 1943 alibi
886 1867 993 1944 tradit
1010 1865 1104 1965 Jos.‚
1130 1865 1182 1940 est
1198 1865 1295 1939 enim
1312 1865 1399 1938 illud
1422 1865 1512 1939 anti·

287 1969 409 2070 quius,
435 1986 477 2036 ut
503 1962 624 2074 postea
651 1963 807 2060 patebit,
831 1965 890 2038 secl
913 1966 962 2038 leis
986 1964 1139 2050 iratum3
1162 1958 1252 2035 adeo
1277 1980 1316 2035 ut
1340 1961 1513 2036 ructate-

288 2061 444 2145 tenderit
462 2059 765 2156 Hierosolymam,
789 2061 929 2136 adeam
952 2059 1190 2157 puniendam,
1214 2056 1296 2147 sed,
1322 2057 1375 2132 ira
1396 2061 1435 2132 in
1452 2056 1514 2130 iti·

288 2187 374 2240 nere
439 2181 477 2232 er
507 2156 654 2256 Jaddum
678 2155 910 2246 Pontificem,
955 2154 990 2229 ei
1023 2156 1165 2230 obviam
1188 2171 1356 2245 euntem,
1398 2155 1513 2251 placa,

289 2281 349 2349 ta,
372 2185 497 2331 urbem
519 2252 632 2327 amice
650 2252 820 2340 intravit,
847 2273 885 2328 et
902 2256 985 2329 Deo
1011 2253 1063 2327 ibi
1090 2248 1314 2348 sstpplicavit.
1363 2251 1421 2324 De
1437 2272 1510 2348 quo

288 2357 369 2432 casu
393 2349 514 2451 postea
538 2347 698 2422 differam
733 2346 884 2423 uberius.
933 2346 1034 2422 Hinc
1058 2349 1190 2422 Gazam
1218 2345 1355 2444 petiit,
1386 2364 1424 2420 et
1448 2369 1507 2421 ex·

288 2445 482 2552 pugnavit,
508 2441 586 2542 post
614 2443 763 2516 duorum
790 2443 959 2518 mensium
984 2441 1226 2533 oblidionem,
1258 2441 1396 2517 incolat
1421 2465 1511 2517 vero

335 2546 417 2623 rtim
441 2538 644 2630 interfecit,
676 2536 806 2637 partim
833 2539 872 2614 in
898 2537 1107 2613 servitutem
1131 2538 1293 2636 redegit3
1326 2560 1424 2613 nova
1450 2562 1512 2614 co·

325 2643 383 2720 nla
417 2638 456 2715 in
488 2637 611 2712 urbem
649 2633 807 2711 deducta
856 2634 994 2711 Arrian.
1026 2636 1049 2710 l.
1084 2636 1132 2711 ll.
1180 2634 1260 2729 Qua
1294 2634 1436 2710 ratione
1459 2634 1511 2712 in·

287 2741 377 2843 pleri
402 2733 526 2832 coepit
561 2732 752 2828 prophetin
784 2731 890 2809 Zach.
918 2756 949 2808 c.
974 2733 1038 2807 IX:
1064 2753 1101 2823 5.
1146 2729 1245 2806 Dein
1270 2731 1511 2830 AEguptum,

287 2850 368 2912 ton.
395 2850 453 2922 sto
468 2829 592 2922 regni,
620 2827 813 2923 adgrellus,
842 2852 921 2904 eam
936 2827 1007 2903 sine
1024 2826 1064 2901 vi
1077 2825 1217 2923 subegit
1238 2845 1376 2916 totam3
1401 2851 1510 2926 quan·

287 2931 337 3006 do
351 2921 598 3011 Alexandriam
616 2921 860 3013 condidit,.et
877 2925 979 3021 Jovit
996 2922 1207 2999 Hammonis
1225 2925 1409 2999 oraculum
1425 2947 1510 3000 con·

286 3021 411 3108 soluit,
452 3014 594 3114 ejusque
621 3019 712 3092 filius
735 3019 856 3094 haberi
881 3020 1012 3095 voluit.
1058 3017 1224 3115 Denique
1263 3019 1396 3096 eodem
1419 3044 1513 3096 anno

286 3124 325 3201 in
342 3117 479 3203 Asiam,
507 3115 655 3211 trajecto
671 3116 874 3211 Euphrate,
898 3115 1088 3214 regreffus,
1107 3115 1277 3208 Darium,
1296 3116 1511 3213 majoribus,

315 3231 388 3290 'am
416 3226 537 3298 mtea,
563 3209 677 3306 copiis
704 3210 931 3302 instructum,
957 3210 1062 3285 tertia
1086 3229 1123 3284 et
1149 3211 1272 3286 ultima
1295 3212 1379 3286 vice
1395 3213 1514 3288 debel-

286 3311 396 3404 lavit,
439 3304 574 3407 praelio
599 3307 721 3380 habito
745 3306 947 3383 decretorio
974 3307 1017 3382 ad
1044 3308 1260 3405 Gaugamela
1286 3308 1326 3384 in
1350 3308 1513 3408 Affyria,

285 3414 396 3493 etiam
412 3410 460 3483 ab·
473 3404 622 3496 Arbela,
640 3402 822 3478 illustriore
840 3408 948 3497 urbe,
967 3403 1210 3480 denominato.
1260 3404 1428 3480 Tandem
1443 3406 1510 3480 Ar·

284 3512 400 3588 belam
428 3501 597 3593 intravit,
622 3499 723 3576 Darii
748 3501 927 3576 thesauros
951 3499 1136 3599 spoliavit,
1161 3501 1246 3575 inde
1272 3501 1509 3600 Babylonem,

174 3668 178 3678 .
285 3603 409 3690 susas,
434 3620 472 3674 et
491 3599 668 3697 postremo
677 3598 897 3696 Persepolio,
916 3599 1093 3673 Persarum
1110 3598 1346 3709 metropoh'n:
1360 3599 1513 3695 ›quando

283 3697 416 3780 Darius
439 3695 554 3770 satum
578 3695 739 3786 invenit,
764 3693 865 3769 utin
896 3695 971 3791 ejus
994 3693 1071 3770 vita
1099 3717 1261 3785 narravi,
1286 3712 1325 3767 et
1342 3695 1509 3793 Regnum

282 3793 457 3886 Persicum
478 3793 618 3866 finitum
646 3788 707 3865 est.

232 3955 233 3960 ,
331 3879 362 3993 5
390 3888 593 3964 CCCXCV.
631 3887 741 3962 Geffit
765 3886 837 3960 lese
863 3888 906 3961 ab
931 3911 977 3960 eo
993 3905 1153 3984 tempore
1169 3885 1406 3960 Monarcham
1429 3885 1509 3964 Ori·

284 3990 402 4079 e‘ntis,
428 4001 465 4057 et
492 4004 605 4077 regno
627 3985 732 4081 longe
760 3983 897 4080 lateque
923 3983 1147 4058 extendendo
1172 3980 1355 4073 incubuit,
1381 3984 1443 4059 sed
1464 3984 1507 4057 si·

285 4092 359 4164 niul
383 4079 549 4160 vestitum
573 4103 616 4151 ac
640 4104 756 4152 mores
780 4081 957 4154 Persarum
982 4079 1118 4167 induit,
1158 4102 1198 4151 ac
1225 4079 1263 4151 in
1291 4102 1418 4155 eorum
1445 4079 1510 4155 fas·

282 4207 382 4270 tum,
410 4174 672 4264 temulentiam,
692 4195 729 4247 et
745 4175 1011 4262 crudelitatem,
1031 4175 1273 4271 degeneravit.
1315 4175 1413 4252 Ann.
1437 4202 1510 4253 tmt

282 4278 486 4362 Hircauiam
496 4267 653 4368 subegit,
674 4289 710 4342 et
729 4294 810 4343 cum
823 4269 1018 4360 Thalestri,
1038 4273 1256 4345 Amazonum
1275 4271 1418 4368 regina,
1437 4292 1509 4347 tre·

282 4377 399 4458 decim
425 4373 499 4446 dies
515 4365 731 4445 consueville
758 4386 934 4438 narratur:
961 4387 1039 4440 ann.
1069 4373 1129 4441 ado
1147 4368 1344 4441 Bactrianos
1361 4388 1399 4441 et
1415 4372 1509 4467 Sog-

281 4479 424 4562 alanos,
450 4461 714 4566 inexpugnabili
740 4463 843 4533 Petra
869 4463 1044 4558 Sogdiana
1068 4467 1175 4536 etiam
1199 4483 1380 4561 occupata.
1432 4467 1511 4539 De·

277 4576 333 4654 dit
361 4591 499 4675 quoque
518 4585 604 4646 tuuc
628 4558 837 4644 temeritatis
853 4577 892 4637 et
910 4558 1105 4658 tyrannidis
1120 4563 1321 4662 exetoplum
1338 4560 1378 4638 in
1394 4561 1521 4675 Cliti„

293 4724 312 4765 Q
