3575 5884
715 1192 721 1202 ,
772 1117 927 1193 Periooisr
949 1116 1066 1217 Sexta.-
1165 1162 1171 1171 ·
1448 1076 1548 1253 [ᾗ

294 1294 471 1386 tristibus,
496 1293 639 1369 uberius
654 1318 841 1392 exponam.
887 1295 970 1392 Post
985 1297 1242 1390 Alexandrum,
1268 1300 1456 1400 Antigono
1469 1319 1515 1378 et

291 1393 483 1476 Demetrio
507 1396 588 1466 cum
619 1395 821 1467 Ptolemaeo
845 1388 935 1490 Lagi
967 1392 1011 1466 de
1039 1395 1257 1494 coelesyria,
1290 1418 1328 1472 et
1352 1390 1518 1474 Palaestil

292 1522 360 1584 na,
392 1486 713 1578 contendentibus,
739 1508 777 1563 et
799 1487 988 1585 superatis,
1012 1489 1209 1589 adjudicata
1237 1491 1344 1574 estea
1367 1492 1513 1590 provin,-

292 1596 372 1682 cia,
404 1587 445 1661 in
467 1584 640 1694 divisione
661 1609 726 1682 per
751 1589 849 1660 Satra
875 1610 912 1659 as
935 1583 1047 1676 faeta,
1079 1588 1283 1664 Ptolemaeo
1307 1590 1418 1689 Lagi,
1453 1586 1517 1687 qul
1543 1597 1545 1600 ’

291 1711 375 1764 eam
406 1700 551 1772 tenuit,
590 1700 628 1755 et
657 1680 701 1754 ad
744 1608 954 1757 succehores
987 1681 1065 1757 suos
1101 1683 1301 1778 transtulit,
1336 1687 1402 1784 ‚qui
1434 1706 1516 1762 eam

293 1779 482 1878 tranquille
507 1775 734 1874 pollederunt
760 1778 865 1874 usque
897 1776 940 1852 ad
969 1778 1190 1854 Antiochum
1220 1785 1292 1858 M.·
1310 1782 1431 1881 Syriae
1458 1802 1517 1857 rea

291 1904 397 1980 gem,
438 1873 500 1971 qui
532 1896 607 1948 eam
643 1870 705 1946 srbi
730 1874 911 1949 vindicare
941 1874 1115 1972 adgtellus
1140 1876 1192 1952 est
1225 1878 1285 1953 sub
1310 1878 1519 1954 Ptolemaeo

291 1975 395 2053 Philo
424 1990 545 2060 atore,
589 1996 609 2043 a
637 1993 707 2066 quo
739 1990 902 2068 tempore
929 1970 1119 2046 continuae
1145 1972 1223 2046 fere
1247 1974 1390 2048 fuerunt
1418 1975 1515 2052 inter¹

290 2070 383 2168 Lagi
427 2092 443 2140 s
466 2089 509 2139 ac
534 2065 732 2141 Seleucides
756 2065 1041 2141 concertationes
1066 2065 1228 2144 hostiles:
1262 2068 1315 2144 uti
1340 2068 1378 2143 in
1402 2070 1515 2147 histo-

292 2168 347 2243 ria
370 2187 492 2239 eorum
518 2185 708 2258 regnorum
734 2161 882 2237 narravi.
932 2165 1019 2237 Cum
1043 2161 1245 2239 Antiochus
1267 2167 1347 2257 M.,
1381 2170 1513 2262 partim

289 2261 415 2352 armis,
448 2257 576 2357 partim
601 2256 832 2364 proditione,
862 2255 927 2331 srbi
950 2281 1026 2333 eam
1049 2256 1269 2359 subjecisset,
1292 2263 1513 2340 Ptolemaeus

289 2360 518 2455 Philopator,
559 2353 696 2449 praeho
719 2352 764 2426 ad
787 2356 843 2427 Ra
867 2352 963 2429 hiam
990 2353 1137 2447 habito,
1172 2380 1253 2431 eum
1279 2357 1511 2457 profligavit,

291 2475 334 2529 et
360 2447 591 2550 coelesyriam
617 2471 697 2523 cum
722 2378 913 2560 Palaeldna
946 2451 1181 2549 recuperavit.
1232 2452 1315 2561 Quo
1346 2473 1512 2549 mortuo,¹

292 2546 493 2627 Antiochus
519 2569 598 2622 eam
622 2543 736 2619 sursus
760 2567 893 2642 errpurt
920 2548 1123 2622 Ptolemaeo
1148 2549 1349 2646 Epiphani‚
1390 2549 1448 2625 sed
1473 2570 1514 2626 et

289 2670 399 2737 mox,
476 2665 626 2718 cecum
660 2664 706 2714 eo
742 2640 852 2731 faeta,
892 2641 986 2715 dotis
1013 2644 1095 2717 vice
1122 2667 1201 2717 cum
1226 2644 1299 2719 filia
1326 2646 1513 2744 cleopatra

285 2745 323 2820 ei
350 2741 411 2817 red
435 2739 560 2815 endam
581 2735 742 2836 promifit
769 2736 934 2835 quidem,
956 2737 1016 2811 sed
1032 2761 1117 2811 num
1141 2739 1299 2831 dederit,
1326 2763 1398 2813 non
1423 2766 1516 2819 con·

287 2840 367 2916 stat.
415 2834 542 3004 {odaei
566 2833 730 3003 prudens,
771 2853 933 2930 ternpore
956 2830 1158 2926 Antiochi,
1194 2835 1265 2910 sese
1293 2834 1326 2908 ei
1359 2838 1512 2919 tradide-

286 2953 392 3021 rant,
432 2933 476 3004 nb
496 2930 556 3026 spe
585 2932 748 3004 ubertatis
768 2929 1055 3028 recuperandae,
1074 2931 1148 3004 imo
1164 2931 1322 3007 nonnulli
1337 2934 1515 3032 Zelotae‚·.

288 3024 722 3121 ferventiorelibertatis
751 3023 867 3099 studio
894 3024 1017 3116 ducii,
1059 3046 1097 3099 et
1126 3047 1283 3124 tempus,
1325 3054 1395 3127 quo
1426 3038 1512 3130 pr02

288 3123 394 3203 milla
424 3119 635 3219 prophetica
668 3121 713 3194 de
749 3121 957 3196 florentiore
989 3145 1106 3196 rerum
1140 3123 1281 3198 suarum·
1309 3125 1399 3202 statu
1417 3126 1512 3225 post

286 3221 436 3297 exilium
462 3217 580 3316 Babyl.
616 3216 867 3313 implerentur,
908 3216 1021 3292 adello
1054 3218 1142 3309 rati,
1183 3244 1313 3319 arege
1340 3224 1511 3323 AEgypti

283 3319 332 3394 ad
358 3313 580 3394 Antiochum
606 3311 772 3387 defeciffe
801 3337 879 3387 non:
898 3314 1083 3404 contenti,
1109 3315 1249 3391 consrlia
1277 3339 1448 3415 ceperunt
1464 3322 1511 3395 de

282 3436 362 3512 rep.
385 3411 444 3583 {ua
467 3411 511 3580 ir}
525 3408 757 3580 plleni-ll'rmam
781 3409 980 3522 libertatem
1007 3410 1221 3578 adserendadz·
1235 3413 1314 3578 Dsed
1340 3434 1514 3580 §sporum

284 3533 360 3681 iiiii
376 3525 495 3695 vinias.
504 3504 996 3700 aetlfiiiilijgsodlelsorunsshipriii
1012 3530 1379 3698 iitmandsialiuiiidum
1403 3531 1508 3701 i’ifirteot

283 3701 483 3798 efferentur,
516 3698 583 3793 sed-
609 3698 894 3794 infirmabuntur:
938 3697 998 3771 ubi
1036 3699 1133 3794 plura
1167 3697 1234 3770 hac
1268 3697 1313 3771 de
1345 3723 1384 3775 re
1418 3703 1507 3782 dixi

284 3797 520 3895 Coelesyriam
547 3816 639 3868 vero
661 3811 698 3866 et
713 3795 880 3890 Judaeum
907 3793 1060 3882 mansrll'e
1079 3795 1250 3882 Seleuco,
1276 3793 1351 3870 filio
1377 3819 1414 3872 et
1432 3799 1514 3873 suc--

282 3892 413 3970 cellori
435 3887 610 3966 Antiochi
627 3891 708 3978 M„
733 3890 944 3986 subjediam,
970 3901 1061 3966 exa
1079 3892 1198 3965 Mace.
1229 3892 1293 3967 ΠΙ.
1321 3914 1358 3968 et
1379 3897 1502 3991 Polybi

284 3993 456 4085 Excerpt.
473 3989 596 4082 Legat.
623 3986 845 4060 manifestum
863 3985 923 4060 est.
972 3988 1030 4060 De
1049 4012 1118 4083 quo
1139 3986 1211 4060 vid.
1233 4013 1361 4064 comm.
1388 3991 1507 4066 noster

278 4087 327 4162 ad
351 4087 444 4160 Dan.
471 4083 533 4156 xt·
562 4103 619 4155 20.
654 4080 684 4178 A.
713 4105 769 4175 79.
802 4083 1022 4158 Ptolemaeus
1056 4084 1138 4156 dein
1165 4083 1381 4158 Philometor
1415 4087 1506 4161 bello

283 4180 471 4256 constituit
505 4176 690 4252 Antiocho
716 4175 895 4275 Epiphani
928 4204 984 4252 eas
1019 4205 1056 4253 rc
1085 4181 1183 4254 iones
1209 4181 1368 4278 eripere;
1410 4184 1506 4278 quod

279 4277 507 4352 occasronem
529 4273 697 4371 praebuit
722 4274 910 4350 irruasronis
927 4277 1041 4352 Antio
1090 4276 1102 4351 i
1127 4278 1167 4352 in
1182 4279 1415 4373 AEgyptum:
1443 4304 1505 4353 cub

279 4375 340 4473 jus
360 4370 542 4448 historiam
568 4370 674 4463 supra
698 4371 837 4446 tradidi.

328 4467 362 4568 A.
386 4467 677 4543 CCCCXXXlll.
724 4467 799 4542 Res
829 4467 1041 4565 Iudaeorum
1071 4469 1108 4541 in
1141 4470 1319 4540 Cananaea
1346 4465 1418 4539 l'roc
1449 4463 1511 4538 in·-

278 4565 436 4643 emano.
454 4564 558 4643 fuiffe
590 4578 734 4659 tenues,
761 4586 799 4641 et
825 4566 942 4733 spirtus
968 4564 1174 4663 prosperas,
1203 4583 1249 4634 ex
1276 4561 1379 4636 diclis
1403 4560 1515 4730 lpgsile
1627 4647 1632 4657 ,

856 4683 906 4730 ²1¹
928 4683 959 4754 Ξ·
1369 4678 1411 4756 Pl
1467 4684 1515 4756 ²·

1577 4782 1632 5036 l
