3575 5884
554 1218 589 1281 .’“
628 1211 818 1297 “ferbuit
838 1210 980 1318 Quinta
1369 1240 1438 1318 133

212 1415 238 1451 .·
262 1388 303 1495 ς.
322 1388 609 1477 cxxxnl..-1)e
633 1413 704 1486 quo
726 1408 1057 1489 antequam-agam,
1082 1386 1228 1464 historia
1250 1392 1352 1489 regni
1375 1398 1398 1493 J
1422 1436 1436 1453 ·

215 1488 306 1581 rire,
344 1488 536 1563 secundum
561 1486 701 1563 dunum
727 1485 908 1561 Historiae
930 1488 990 1563 lib.
1016 1489 1109 1585 Reg.
1134 1487 1351 1582 pertexenda
1375 1492 1436 1569 cst.

216 1586 404 1682 uostquam
435 1582 520 1657 illud
550 1604 697 1680 regnum
727 1581 791 1657 sibi
823 1601 1005 1680 rapuerat,
1046 1604 1083 1657 et
1116 1581 1298 1680 tyrannice
1330 1585 1437 1660 admi·-

227 1680 447 1769 aishaverat,
498 1701 538 1752 er
557 1678 617 1753 sex
640 1698 752 1751 annor
799 1679 919 1767 lenos,
944 1696 1057 1752 mater
1077 1677 1254 1756 Achaziae
1279 1681 1438 1772 Athalia,

231 1702 543 1885 edomoAcbazi,
553 1772 644 1867 Joos
657 1770 749 1847 filiua
793 1773 955 1885 chaziae,
973 1770 1254 1884 caedifiliorum,
1270 1777 1313 1850 ab
1325 1776 1436 1853 Atha·

229 1868 422 1963 beffiae,
448 1870 661 1967 reliquorum
684 1867 809 1943 domus
830 1892 969 1968 regiae,
1004 1869 1167 1966 singulari
1191 1872 1321 1964 modo,
1354 1898 1437 1949 cura

232 1963 776 2061 =naterue1ae,-uxorisJojadae,
800 1984 962 2063 ereptus,
987 1982 1025 2039 et
1049 1966 1087 2041 in
1105 1966 1198 2039 Tem
1224 1968 1259 2041 lo
1284 1973 1436 2047 occulta·

236 2079 308 2151 tuq
320 2060 456 2159 septimo
479 2082 573 2135 anuo
595 2061 845 2159 proclamatus,
870 2078 909 2134 et
930 2058 1140 2134 constitutus
1163 2084 1184 2134 e
1240 2062 1340 2155 Rex,
1366 2092 1388 2140 o
1415 2092 1436 2141 e

241 2153 1436 2358 urreremafferabamurxmmt

244 2367 364 2425 wenc
385 2346 555 2427 illustrare
576 2343 777 2443 adgrediar,
810 2344 856 2423 de
878 2349 1027 2443 temporis
1054 2345 1332 2439 circumstantia,
1366 2374 1437 2447 quo

252 2438 319 2515 luet
336 2466 449 2518 renam
471 2440 649 2517 revolutio
669 2439 821 2533 accidit,
864 2440 1098 2517 disserendum
1123 2442 1195 2535 est,
1237 2462 1298 2535 ut,
1333 2468 1436 2543 quam

254 2556 461 2633 opporntnum
482 2536 611 2631 fuerit,
654 2536 835 2615 elucescat.
881 2534 1041 2612 Historia
1088 2538 1206 2625 uidem
1230 2538 1436 2637 simpliciter

248 2630 353 2726 aab,
380 2657 477 2710 anno
499 2632 661 2731 septimo,
692 2632 827 2707 scilicet
848 2562 1102 2730 latitationiqu

247 2724 404 2823 umbre,
428 2730 558 2805 laetum
581 2729 677 2805 hunc
694 2728 808 2804 eastun
830 2726 869 2802 in
883 2751 996 2825 regno
1013 2728 1122 2827 Judae
1145 2727 1330 2821 accidiffe3
1356 2757 1437 2807 cum

244 2838 346 2902 tanen
365 2827 403 2901 in
425 2845 556 2925 genere
581 2824 696 2917 dicat,
727 2846 822 2899 anno
844 2821 1004 2919 septimo,
1036 2821 1125 2901 nibil
1154 2823 1305 2916 addens,
1337 2851 1435 2925 prae·

251 2934 332 2995 terea
355 2922 476 2995 usitato
499 2918 579 2994 stilo
607 2944 715 2995 annus
740 2921 936 2993 Sabbaticus
967 2919 1017 2993 ita
1042 2919 1192 3014 exprimi
1218 2918 1345 3014 soleat,
1380 2922 1434 2998 uti

244 3011 321 3091 lev.
350 3018 462 3093 XXV:
499 3039 556 3107 14,
591 3038 648 3090 ao.
697 3017 805 3089 Deut.
837 3015 923 3089 XV:
961 3036 1016 3090 12.
1064 3015 1161 3090 Neh.
1196 3017 1240 3089 X:
1269 3042 1326 3113 31.
1362 3044 1434 3093 non

234 3105 304 3186 -fine
323 3112 454 3189 ratione
477 3110 672 3209 cogitatur,
696 3133 825 3185 annum
841 3110 1053 3183 Sabbaticum
1074 3111 1141 3184 hac
1157 3135 1294 3208 quoque
1319 3116 1435 3211 phrafi

233 3203 326 3283 fiisse
341 3207 577 3305 designatum,
602 3205 754 3282 maxime
770 3206 869 3315 quia,
894 3205 1041 3277 meliore
1065 3230 1110 3281 ex
1126 3210 1278 3299 calculo,
1303 3209 1364 3284 hic
1381 3212 1434 3308 ip·

223 3300 361 3381 :surmus
382 3326 496 3379 annus,
516 3302 624 3381 suerit
650 3304 852 3376 sabbaticus
874 3317 913 3374 et
937 3298 1133 3396 Jubilaeus3
1160 3302 1213 3375 uti
1239 3302 1432 3401 Vignolius

220 3401 367 3499 egregie
399 3396 621 3489 observavit,
662 3399 793 3472 Chron.
828 3397 863 3470 S.
897 3396 918 3470 l.
944 3398 1008 3472 ΙΙΙ.
1056 3400 1111 3470 Ex
1143 3421 1213 3494 quo
1246 3400 1432 3491 elucescit,

218 3518 324 3592 ,quam
353 3512 594 3595 opportunum
630 3492 738 3566 fuerit
771 3493 843 3565 hoc
866 3508 1003 3589 tempus
1035 3515 1157 3588 regem
1189 3492 1227 3564 in
1257 3493 1434 3586 publicum

216 3590 462 3692 producendi,
486 3589 618 3686 quippe
640 3612 711 3685 quo
733 3587 885 3663 maxima
907 3587 1091 3661 hominum
1116 3584 1305 3659 multitudo
1331 3590 1433 3664 undi-

285 3711 351 3787 que
384 3684 687 3783 Hierosolymam,
726 3682 799 3759 srne
830 3684 897 3756 ulla
929 3680 1125 3849 suspicione
1157 3682 1237 3790 mali
1271 3683 1434 3764 Athaliae

210 3712 397 3873 iigenda,
422 3780 769 3877 confluerepoterat.
818 3779 918 3883 Quae
942 3801 979 3874 tp
995 3802 1014 3849 a
1031 3797 1126 3850 rano
1144 3777 1244 3853 sutsse
1272 3780 1434 3875 videtur,

1103 2634 1190 2726 oasi,
1224 2655 1261 2708 et
1285 2633 1436 2712 dominii

206 3902 326 4055 qqate
345 3876 465 3975 Jojada
484 3877 527 3949 ad
553 3876 753 3973 hocusque
777 3896 915 3970 tempus
931 3872 1205 4042 exspectaverit,
1230 3898 1298 3950 nec
1325 3881 1432 3952 ctiam

245 3976 355 4051 ‘utius
385 3973 428 4048 ad
461 3973 628 4069 majorem
668 3970 762 4067 regis
792 3988 944 4042 aetatem
1014 3968 1176 4059 stulerit‚
1226 3977 1436 4069 ceteroquin

206 4069 405 4175 prodentia
428 4068 520 4141 sorte
545 4065 763 4163 postulasset,
789 4083 830 4137 ut
855 4066 912 4136 vel
936 4063 1059 4154 citius,
1085 4084 1268 4163 antequam
1294 4069 1435 4147 Athalia

210 4174 256 4248 se
276 4168 315 4242 in
347 4187 461 4263 regno
484 4161 739 4249 confirmasset,
782 4182 903 4257 rogem
927 4160 1163 4257 produxisset,
1205 4164 1262 4236 vel
1284 4163 1365 4239 alias
1391 4168 1433 4245 ad

211 4260 448 4342 maturiorem
471 4259 564 4357 regis
593 4276 745 4332 aetatem
770 4256 1009 4354 exspectasset.
1058 4259 1141 4331 Nec
1167 4275 1346 4352 praeterea
1378 4264 1434 4337 in·

207 4402 213 4411 ·
243 4356 400 4434 robabile
430 4354 501 4444 est,
542 4354 580 4426 in
615 4375 685 4426 uno
716 4349 903 4446 festorum,
948 4351 1019 4429 srve
1053 4350 1297 4443 Pentecostis,
1340 4359 1433 4452 quod

201 4496 209 4509 ·
256 4455 381 4543 fferio,
421 4449 493 4526 five
520 4448 867 4542 Tabernacuiorum,
909 4448 1003 4548 quod
1036 4449 1068 4545 J.
1095 4447 1259 4543 Cappello
1284 4451 1433 4545 placuit,

202 4550 413 4643 accidisse,
453 4544 584 4646 quippe
606 4559 753 4645 propter
784 4547 932 4622 eandem
966 4541 1139 4622 rationem
1172 4542 1272 4617 valde
1305 4563 1433 4640 oppon·
1500 4600 1502 4605 .

203 4664 316 4745 ..tana
378 4738 424 4747 ,,
640 4744 686 4759 ..
799 4733 881 4833 Ra
1045 4732 1051 4745 -
1151 4731 1208 4833 q·
1235 4732 1436 4849 CXXXIV!
1513 4744 1573 5054 Ι
