3575 5884
289 1116 362 1220 358
637 1111 782 1210 ssrstorr'a
803 1107 1113 1209 Ecclesiastico!
1141 1105 1184 1187 T.

291 1299 366 1400 Jos.
392 1298 478 1385 Ant.
505 1294 583 1368 XX.
630 1289 818 1384 Posteriori‘r
845 1291 1012 1367 tumultus
1032 1292 1278 1382 occasionem,
1302 1309 1344 1364 et
1365 1287 1522 1382 caufim,

293 1395 457 1497 praebuit
485 1391 606 1464 caedes
628 1387 883 1478 Galilaeorum,
909 1387 1076 1462 Hieroso!
1104 1411 1194 1463 mam
1219 1386 1402 1484 religionis
1417 1386 1516 1462 causa

294 1491 535 1593 tendentium,
574 1483 843 1592 aSainaritanis
871 1483 981 1559 satia:
1024 1415 1118 1557 uuio
1141 1503 1260 1574 ortum
1284 1482 1359 1572 est,
1401 1481 1516 1578 quod,

294 1613 377 1664 cum
404 1586 526 1682 Judaei
551 1602 658 1651 armis
687 1580 829 1671 sumtis,
854 1600 892 1654 et
918 1581 1009 1652 duce
1032 1581 1199 1654 Eleazaro
1223 1583 1363 1676 aliquo,
1388 1576 1514 1650 famoso

293 1686 449 1768 latrone,
482 1695 656 1771 accepto,
688 1677 790 1749 vicos
813 1676 946 1773 aliquos
970 1675 1270 1750 Samaritanorum
1295 1673 1514 1769 diripuissent

293 1781 350 1853 vel
376 1771 632 1861 incendissent,
657 1792 695 1845 et
719 1770 914 1846 aCumairo
937 1789 1130 1868 propterea
1155 1772 1266 1847 invasi
1282 1769 1419 1860 essent,
1444 1769 1516 1843 aliis

293 1871 438 1961 occisis,
472 1867 548 1942 aliis
574 1867 705 1964 captis,
747 1868 839 1964 ipse,
874 1889 953 1940 cum
978 1868 1192 1964 Judaeorum
1216 1892 1260 1941 ac
1284 1867 1515 1939 Samaritano·

290 1988 369 2043 rum
404 1963 551 2063 legatis,
585 1962 694 2036 suerit
727 1985 747 2035 a
772 1961 974 2069 Quadrato,
1004 1963 1126 2059 Syriae
1153 1963 1332 2050 Praeside,
1368 1962 1412 2034 ad
1434 1965 1513 2034 Cae·

294 2066 405 2142 sarem
431 2064 627 2158 ablegatus,
652 2058 750 2155 cujus
775 2056 945 2134 sententia
961 2059 1166 2131 Samaritani
1196 2057 1425 2132 condemnati
1442 2054 1510 2129 sue·

292 2180 376 2238 runt
399 2159 443 2234 ad
468 2176 640 2246 mortem,
664 2159 839 2229 Cumanus
859 2155 897 2227 in
922 2152 1065 2228 exilium
1092 2153 1221 2228 missus.
1272 2154 1358 2258 Quo
1374 2153 1514 2226 multum

293 2255 492 2334 'contribuit
510 2251 668 2350 Agrippa
687 2250 835 2348 Junior,
862 2268 948 2324 tunc
967 2250 1101 2324 Romae
1119 2250 1273 2347 degent,
1297 2271 1366 2344 per
1387 2247 1512 2344 Agrip·

323 2354 435 2440 iiiam,
476 2351 517 2422 Iu
543 2346 689 2420 eratoris
725 2370 883 2422 uxorein.
931 2346 1001 2418 Sed
1028 2348 1071 2419 ab
1105 2347 1176 2419 hoc
1212 2365 1378 2440 tempore
1403 2343 1515 2418 omnia

292 2374 486 2526 Euociniis
513 2372 613 2516 iriae
637 2465 674 2515 re
702 2443 789 2532 leta,
829 2466 872 2515 ac
895 2441 1045 2539 Judaeoa
1074 2438 1361 2514 desertionem
1388 2439 1513 2515 Roma·

291 2546 349 2622 uis
372 2541 513 2618 molitos
546 2535 652 2609 tradit
673 2465 746 2709 Jos.
773 2539 859 2612 Ant.
884 2539 963 2611 XX.
988 2554 1027 2608 et
1049 2536 1094 2609 de
1120 2539 1157 2610 B.
1183 2537 1215 2633 J.
1241 2538 1289 2611 ll.

340 2641 372 2742 ᾗ.
401 2635 629 2713 DXXXVll.
698 2633 839 2708 ucceffit
875 2632 960 2730 ipsi,
1000 2655 1080 2704 cuni
1114 2655 1138 2721 4
1170 2655 1252 2704 ann.
1289 2630 1509 2728 praeliii'ffet,

292 2739 470 2824 Claudius,
495 2732 573 2816 vel,
608 2747 649 2802 ut
678 2729 843 2815 Tacitus,
867 2732 1030 2803 Antonius
1055 2728 1168 2813 Felix,
1197 2727 1305 2799 frater
1326 2728 1507 2817 Pallantis,

289 2831 411 2906 liberti
437 2823 592 2906 Claudii3
619 2824 676 2930 cui
701 2824 785 2898 dein
810 2823 925 2919 nupsit
949 2825 1113 2912 Drusilla,
1137 2822 1208 2895 filia
1234 2823 1419 2921 Agrippae
1441 2847 1508 2897 ma·

288 2923 398 3029 juris,
423 2919 543 3017 priore
560 2937 687 2991 marito
707 2920 840 3008 Azizo,
866 2921 1117 2994 Emesenorum
1135 2943 1239 3016 rege,
1267 2920 1430 3007 deserto,
1452 2943 1508 2992 eu·

297 3026 346 3095 ’us
373 3018 552 3112 utriusque
589 3015 727 3089 mentio
760 3014 871 3089 exstat
905 3016 944 3089 in
978 3014 1121 3088 historia
1144 3015 1237 3088 Pauli
1263 3015 1346 3090 Ast.
1375 3017 1508 3090 XXIV.

289 3050 378 3215 igit
412 3133 531 3187 autem
565 3130 830 3206 procuratorem
862 3135 1005 3186 avarum
1042 3132 1079 3183 et
1105 3111 1310 3199 crudelem
1352 3112 1413 3184 sub
1435 3113 1508 3208 ipso

320 3212 440 3288 rass'ata
465 3205 517 3281 est
540 3204 705 3279 terribilis
732 3210 932 3280 Cananaeae
964 3205 1144 3279 infestatio
1176 3230 1240 3302 per
1264 3209 1439 3296 latrones,
1473 3225 1509 3280 et

287 3239 455 3397 {curium
480 3319 620 3402 praeter
637 3304 766 3398 Magos
789 3320 826 3373 et
849 3300 1209 3400 Pseudo-prophetas,
1234 3326 1383 3397 quorum
1409 3303 1507 3412 inlig-

290 3412 351 3486 nis
378 3406 446 3480 suit
472 3397 679 3497 AEgyptius
728 3398 863 3488 uidam,
889 3399 948 3496 qui
975 3399 1156 3496 ingentem
1183 3397 1368 3472 hominum
1395 3400 1507 3473 multi·

252 3566 258 3575 ,
288 3506 478 3590 tudinem,
505 3522 570 3596 per
590 3423 761 3593 specioia,
787 3513 825 3566 et
841 3518 949 3585 vana,
981 3493 1142 3591 promissa
1160 3493 1381 3568 liberationis
1408 3495 1508 3569 aser·

284 3600 435 3686 vitute,
461 3594 541 3693 post
558 3593 592 3666 se
612 3592 738 3682 traxit,
762 3614 886 3664 verum
911 3591 1011 3664 brevi
1029 3613 1093 3684 per
1110 3591 1290 3663 Romanos
1304 3591 1509 3666 diihirbatus

285 3694 369 3782 est,
394 3717 469 3782 400
487 3688 629 3777 occifis,
655 3707 692 3760 et
713 3711 783 3762 200
798 3685 929 3784 captis,
949 3685 1142 3782 AEgyptio
1171 3686 1286 3780 elapso
1303 3708 1342 3760 et
1368 3686 1507 3762 evanes-

295 3807 421 3873 cente,
456 3786 526 3877 Jos.
551 3787 637 3858 Ant.
663 3785 741 3857 XX.
775 3802 812 3856 et
835 3787 872 3857 Β.
898 3784 930 3878 J.
965 3783 1009 3854 ll.
1035 3782 1115 3855 Ati.
1139 3782 1236 3854 XXI.
1263 3791 1321 3876 38.
1372 3786 1509 3872 Sicorii,

281 3887 345 3963 ‘ita
370 3881 530 3976 adpellari
554 3904 685 3964 amm
697 3877 798 3972 ficis,
825 3879 883 3952 seu
910 3877 1068 3952 ensiculis
1092 3877 1209 3972 parvis
1227 3876 1404 3970 incurvis,
1430 3903 1508 3977 qua·

280 3986 344 4060 'les
370 3986 521 4057 acinaces
539 3996 638 4048 erant
654 3976 849 4066 Persarum,
875 3999 959 4070 quas
983 3977 1042 4049 sub
1059 3973 1194 4048 sinubus
1212 3972 1416 4069 gestabant,
1443 3996 1509 4047 tur·

287 4071 586 4156 taruennam,
613 4070 746 4144 sivein
773 4073 946 4169 Templo,
973 4071 1045 4145 sive
1072 4070 1175 4159 soris,
1202 4071 1274 4143 sive
1301 4093 1369 4166 per
1385 4095 1505 4169 agros,

278 4175 367 4252 'sese
395 4170 635 4252 immiscentes,
664 4168 804 4262 quosvis
826 4167 1045 4264 prorniscue,
1072 4186 1109 4239 et
1127 4165 1330 4262 inproviso,
1356 4167 1505 4242 trucida·

278 4275 402 4357 ·bant,
446 4286 485 4340 ut
508 4261 612 4336 tradit
644 4262 712 4354 Jos.
736 4266 818 4339 XX:
847 4275 878 4346 8.
928 4267 1133 4352 intereos,
1177 4262 1237 4360 qui
1260 4264 1304 4334 ab
1332 4261 1378 4336 iis
1404 4258 1508 4337 occisi

279 4371 394 4452 sunt,
422 4362 489 4434 fuit
516 4359 590 4455 ipse
608 4356 770 4454 Jonathas
786 4360 974 4446 Pontifex,
1001 4359 1060 4456 qui
1080 4359 1232 4432 Felicem
1259 4360 1304 4431 ob
1330 4357 1506 4433 commissa

277 4465 409 4540 libere
434 4455 540 4529 nimis
560 4456 828 4551 objurgaverat,
863 4452 963 4524 etin
988 4457 1064 4548 ejus
1091 4457 1212 4526 odiuin
1237 4474 1429 4551 propterea
1455 4457 1504 4528 iu·

296 4559 453 4646 tiderut,
479 4551 567 4627 adeo
590 4574 633 4627 ur
651 4551 697 4631 -ad
720 4547 794 4650 ejus
820 4545 1084 4648 instigationem
1107 4549 1430 4639 asturiarum
1450 4552 1509 4628 ὼ·

274 4681 296 4704 ”
333 4718 346 4734 .
808 4710 815 4727 .
888 4668 890 4673 ’
1326 4662 1513 4723 truncatus·
