3575 5884
273 1112 344 1187 552
623 1086 769 1194 Historia
791 1082 1029 1193 Eccleſsaflicu
1047 1088 1091 1170 V.
1119 1090 1160 1203 s.

274 1273 345 1384 ¹³3³.
364 1269 505 1372 itaque,
530 1291 577 1347 ne
591 1269 788 1382 Iohannes,
810 1272 948 1372 justitia
974 1276 1032 1351 sua
1049 1292 1167 1374 gratus
1189 1268 1326 1372 populo
1339 1326 1359 1382 ³.
1376 1286 1414 1345 et
1428 1271 1500 1370 ejns

275 1369 420 1564 IIII.
435 1392 584 1573 llil}
605 1369 878 1566 qlhbffbh
892 1370 1498 1571 §trulttllhth-{btllbbab

274 1566 290 1645 r·
301 1563 438 1661 sumque
460 1559 754 1660 (concionantem
778 1560 955 1662 scilicet,)
988 1569 1123 1639 auditus
1150 1566 1287 1636 multum
1311 1559 1497 1655 buesttabat

277 1585 421 1761 gnatius
449 1655 586 1732 scilicet
615 1677 653 1730 et
688 1659 846 1735 solicitus
870 1661 916 1735 de
948 1663 1071 1760 populi
1097 1658 1320 1746 defeblione,
1363 1679 1404 1730 ut
1429 1657 1499 1754 Jos.

275 1754 402 1831 habet:
444 1751 641 1851 adoptanda
673 1758 769 1831 enim
796 1758 945 1832 omnino
978 1757 1030 1830 est
1063 1755 1172 1830 leblio
1207 1753 1354 1829 aliorum
1391 1754 1498 1827 Codi-

275 1875 378 1941 cum,
420 1873 508 1947 quae
542 1875 608 1950 pro
632 1853 727 1926 latin
738 1854 829 1948 fecit
854 1854 968 1927 habet
1000 1853 1100 1951 tripu
1124 1855 1244 1926 auxius
1269 1847 1500 1947 haesitabat)

274 1963 310 2024 et
335 1950 448 2022 lubeas
472 1973 543 2025 eum
559 1952 733 2040 audiebat,
760 1947 932 2051 (scilicet,
957 1970 1099 2045 praeter
1123 1948 1214 2021 hanc
1238 1945 1499 2021 solicitudinem

275 2044 376 2121 illum
409 2045 561 2121 libenter
585 2045 792 2134 audivissem
835 2045 899 2120 nisr
933 2044 1029 2118 sorte
1061 2044 1104 2118 ad
1130 2045 1303 2142 populum
1336 2042 1424 2116 illud
1456 2042 1498 2116 srt

276 2140 527 2231 referendum,
568 2162 608 2217 ut
633 2142 747 2217 seusus
776 2141 839 2217 stt:
880 2142 994 2239 ipsum
1027 2141 1179 2215 libenter
1203 2142 1247 2215 ab
1283 2163 1333 2213 un
1383 2163 1499 2237 uoque

276 2235 382 2314 fuisse
412 2237 591 2325 auditum3
632 2237 685 2313 uti
719 2241 828 2313 Matt.
863 2239 968 2312 XIV:
995 2258 1029 2326 5.
1061 2237 1219 2332 adeoque
1251 2244 1327 2311 to·
1386 2256 1401 2308 t
1433 2260 1498 2345 pro

275 2338 389 2421 maur,
426 2334 483 2409 vel
513 2334 632 2433 potius
663 2356 731 2432 pro
755 2360 817 2412 nur
840 2340 912 2413 leui
944 2336 1045 2408 omnis
1069 2336 1243 2424 audiebat,
1285 2330 1359 2432 Jos.
1396 2351 1501 2406 ettam

276 2433 406 2506 diserte
440 2429 559 2520 dicit,
598 2439 727 2503 multos
761 2429 805 2504 ad
831 2432 1030 2528 Johannem
1063 2429 1294 2522 confluxiffe,
1334 2428 1500 2503 sermoni·

276 2526 343 2613 hus
376 2526 450 2621 ejus
481 2527 606 2616 elutus,
646 2527 726 2614 vel,
768 2546 809 2600 ut
842 2525 924 2602 Eus.
957 2527 1083 2617 habet,
1122 2529 1296 2602 ducatum
1327 2525 1499 2618 mirifice,

275 2646 345 2726 pro
371 2626 496 2722 lem
516 2623 637 2722 legens
662 2619 827 2722 subura.)
878 2647 912 2699 2.
937 2623 1056 2699 Altera
1091 2624 1123 2695 di
1140 2626 1332 2793 etpumia,
1377 2627 1413 2696 in
1435 2626 1500 2697 locu

278 2722 434 2796 carceris
468 2740 507 2792 et
542 2720 658 2796 caedis
688 2724 976 2810 Machaerunte,
1019 2719 1150 2793 Aretae
1196 2717 1371 2816 ubjeblo,
1414 2717 1500 2810 sita,

277 2816 369 2891 tanti
397 2837 468 2887 non
497 2811 568 2904 est,
610 2836 690 2887 cum
714 2817 814 2889 locut
838 2839 912 2889 non
938 2833 1155 2889 memoretur
1177 2818 1220 2889 ab
1245 2813 1500 2914 Euangelistis,'

276 2931 316 2988 et
342 2909 413 3006 Jos.
440 2908 476 2981 in
501 2932 547 2984 eo
571 2933 686 2985 errare
712 2911 892 3082 potuerim
920 2909 983 2986 nist
1008 2911 1085 3011 quis
1100 2910 1190 2985 velit
1214 2910 1395 2986 castellum
1422 2912 1499 2987 Ma·

276 3008 525 3097 chaeruntem,
571 3031 642 3106 quo
674 3009 719 3105 Jo
747 3032 874 3083 aunem
907 3007 1008 3082 fuisse
1043 3007 1180 3083 millum
1213 3029 1354 3099 narrat,
1399 3030 1500 3083 antea

277 3101 421 3203 quidem
451 3099 488 3176 in
520 3103 699 3201 potestate
722 3105 855 3180 Aretae
887 3103 1010 3192 fuille,
1037 3105 1095 3178 sed
1121 3127 1214 3178 nunc
1238 3128 1311 3178 non
1339 3106 1499 3202 amplius.

276 3197 365 3276 Fuit
383 3195 501 3288 enim,
522 3197 610 3273 teste
629 3197 808 3295 Josepho,
835 3201 921 3273 Ant.
948 3199 1091 3274 XVIII:
1119 3222 1152 3289 5.
1178 3201 1216 3273 in
1233 3200 1403 3274 confiniis
1420 3200 1500 3275 diti·

280 3296 363 3372 onis
377 3294 534 3371 Herodis
551 3315 589 3368 et
605 3296 758 3386 Aretae,
784 3317 822 3371 et
839 3314 938 3385 tuuc,
965 3319 1045 3370 cum
1068 3296 1141 3369 filia
1153 3297 1289 3371 'Aretae
1315 3321 1360 3373 eo
1378 3297 1499 3389 venit,

280 3395 321 3471 in
346 3395 478 3469 Aretae
511 3391 642 3468 dicitur
668 3411 802 3469 tautum
833 3391 1011 3490 potestate
1035 3391 1146 3470 suiffe.
1495 3406 1498 3412 ·

283 3554 291 3563 .
328 3490 359 3588 h.
385 3490 555 3568 DXXXI.
588 3490 631 3564 In
654 3489 772 3587 Jesum
797 3488 994 3581 Christum,
1037 3491 1122 3564 licet
1145 3489 1184 3564 in
1210 3488 1364 3564 Galilaea
1389 3488 1500 3588 potis·

282 3587 406 3666 fimum
430 3586 725 3677 concionantem,
750 3585 839 3662 nihil
862 3587 993 3685 legitur
1015 3588 1058 3660 ab
1081 3586 1093 3660 i
1121 3587 1157 3660 so
1182 3604 1380 3676 tentatum3
1416 3609 1499 3661 con·

282 3705 359 3773 tra,
390 3681 609 3779 Johannem,
635 3707 739 3780 quem
764 3684 962 3770 occiderat,
988 3681 1026 3757 in
1050 3613 1128 3780 ipio
1151 3681 1338 3773 revixisse,
1364 3706 1412 3756 ex
1435 3682 1501 3756 mi·

282 3777 444 3856 raculosrs
469 3780 543 3872 ejus
568 3780 733 3879 operibus
756 3785 979 3877 conjecerat,
1020 3781 1131 3854 Matt.
1156 3779 1259 3852 XIV.
1286 3797 1322 3851 et
1348 3802 1369 3851 a
1393 3780 1502 3877 longo

280 3899 362 3954 eum
387 3871 589 3950 desiderasse
617 3875 790 3949 Christum
816 3879 960 3965 videre,
993 3876 1103 3949 refert
1131 3877 1218 3950 Luc.
1243 3898 1273 3948 c.
1301 3875 1439 3949 XXIII.
1466 3884 1499 3955 8.

280 3994 322 4051 ut
354 3970 492 4071 aliquod
527 3971 663 4063 signum
688 3974 830 4072 abipso
866 3974 1002 4049 editum
1029 3972 1139 4049 oculit
1174 3972 1375 4066 usurparet3
1408 3966 1502 4066 quod

282 4096 364 4145 cum
390 4094 462 4144 non
485 4065 732 4162 contingeret,
773 4094 852 4144 cum
881 4071 1036 4144 Christus
1069 4070 1111 4144 ad
1142 4093 1225 4142 eum
1250 4066 1320 4142 fuit
1341 4092 1362 4141 a
1387 4066 1502 4140 Pilato

282 4167 471 4256 atldublus,
513 4187 590 4240 eum
617 4163 773 4258 sprevit,
808 4187 845 4239 et
874 4167 1072 4240 contemtui
1097 4162 1280 4263 exposuit,
1310 4164 1440 4260 absque
1464 4180 1505 4236 ut

281 4263 416 4345 crimen
438 4285 553 4338 morte
579 4258 722 4356 dignum
748 4263 785 4334 in
811 4287 856 4334 eo
883 4263 1171 4359 deprehenderit.
1259 4260 1328 4334 uod
1354 4278 1393 4334 et
1418 4257 1505 4333 ideo

280 4381 406 4439 notatu
432 4359 577 4454 dignum
601 4357 669 4448 est,
711 4356 791 4453 quia
815 4359 899 4430 inde
923 4358 1054 4454 liquet,
1099 4356 1238 4434 Christo
1265 4382 1286 4433 a
1310 4355 1505 4432 Pharisaeis

281 4454 514 4543 calumniose,
552 4476 588 4527 et
616 4455 718 4545 salso,
753 4452 855 4525 suilse
881 4452 1037 4542 dictum,
1071 4455 1255 4529 Herodem
1280 4453 1385 4551 ipsius
1407 4453 1506 4528 vitae

280 4551 433 4634 insidiati
449 4553 534 4630 Luc.
561 4553 662 4630 XIII:
690 4572 748 4650 32.
795 4549 823 4627 F
824 4547 992 4629 luxerunt
1006 4550 1090 4631 illud
1104 4548 1303 4647 Pharisaei,
1327 4570 1369 4627 ut
1385 4547 1506 4628 Chris·
