3575 5884
276 1092 347 1183 582
430 1070 438 1077 ’
622 1071 770 1175 ffistoria
791 1062 1030 1170 Ecckfiasticae
1051 1070 1097 1155 V.
1127 1066 1186 1149 T..

281 1259 467 1350 Adriano,
493 1253 554 1331 sed
572 1250 641 1353 'qui
667 1252 748 1349 ipsis
773 1251 887 1327 fatalis
915 1250 1005 1344 fuit,
1030 1271 1069 1327 et
1092 1252 1239 1351 reliquis
1254 1248 1493 1329 conaminibus

283 1361 397 1437 finem
422 1354 585 1453 inposuit.
634 1351 720 1423 Vid.
747 1349 847 1423 Dion
882 1349 970 1425 Caff.
995 1351 1017 1424 l.
1042 1351 1213 1425 XXXIX.
1240 1370 1280 1423 et
1309 1350 1390 1429 Eus.
1414 1346 1492 1425 sliu.

282 1454 418 1533 Eccles.
450 1455 471 1526 l.
506 1450 572 1522 IV:
604 1453 639 1520 6.
689 1446 924 1521 Occasionem
949 1446 1171 1536 rebellionis,
1216 1466 1254 1517 et
1283 1447 1392 1537 beili,
1424 1467 1493 1519 cum

279 1549 452 1628 Romanis
468 1549 503 1619 in
513 1541 644 1638 Judaea
664 1540 775 1639 gesti,
795 1543 978 1639 praebuit,
998 1543 1187 1621 secundum
1208 1542 1398 1633 Dionem,
1417 1540 1493 1638 quod

282 1646 457 1723 Adrianus
488 1637 665 1712 coloniam
692 1639 890 1713 Romanam
916 1636 1183 1735 Hierosolymae
1212 1637 1440 1728 condiderit,
1469 1655 1506 1712 et*

281 1746 424 1829 urbem,
452 1734 504 1809 ibi
521 1733 751 1824 exstruerem,
777 1735 923 1809 nomine
939 1736 1073 1809 AEliae
1095 1735 1300 1830 Capitolinae
1317 1732 1496 1831 insignive-

281 1836 364 1925 rit,‘
381 1832 540 1941 Templo
570 1853 710 1927 quoque
736 1831 773 1903 in
799 1831 881 1904 loco
900 1830 1029 1927 prioris
1052 1828 1217 1904 destrueri
1235 1827 1439 1920 exstrudtm
1465 1852 1496 1905 ac

282 1931 369 2032 Jovi
396 1924 602 2026 Capitolino
635 1926 854 2001 consecrato.
901 1925 970 1998 Sed
997 1927 1202 2022 Spartianus
1232 1922 1321 1997 inde
1352 1926 1495 2024 repetit,

282 2028 380 2125 quod
404 2022 545 2122 Judaeis
568 2020 678 2096 fuerit
702 2024 745 2095 ab
770 2020 929 2095 Adriano
960 2020 1186 2096 interdistum
1223 2025 1386 2096 mutilare
1415 2027 1495 2117 gen·-

282 2130 389 2201 totia:
415 2120 474 2196 sed
500 2135 663 2192 neutrum
683 2114 824 2193 fortasse
851 2139 916 2213 per
943 2117 1060 2191 omnia
1078 2138 1200 2193 verum
1228 2115 1311 2192 fuit.
1356 2119 1497 2214 ludaeos

283 2221 364 2295 fieri
418 2216 511 2289 otuit
538 2213 689 2300 vetasse,
723 2213 810 2286 ficut
838 2210 959 2308 postea
985 2212 1092 2289 etiam
1117 2215 1159 2285 ab
1185 2210 1262 2285 aliis
1287 2214 1495 2321 inperatori·

280 2318 349 2391 bus
389 2312 504 2387 astum
530 2306 602 2397 est,
627 2308 686 2381 sed
703 2306 846 2404 Judaeia
869 2306 951 2402 ipsis
970 2308 1135 2404 nusquam
1154 2307 1290 2404 legitur
1317 2308 1497 2383 circumci-

282 2411 337 2495 sio
360 2408 495 2494 vetita;
520 2403 617 2500 priua
640 2400 703 2476 vix
729 2425 810 2476 cum
827 2402 926 2493 Eos,
951 2404 1103 2477 Hieron.
1130 2422 1167 2476 et
1184 2403 1259 2477 asiis
1276 2402 1411 2501 Script.
1437 2407 1496 2479 Ec-

281 2507 365 2585 eles.
391 2500 573 2609 conciliari
590 2496 745 2595 poterit,
769 2497 829 2596 qui
857 2521 902 2596 pe
926 2498 985 2595 qui
1013 2499 1175 2587 tradunt,
1199 2497 1335 2573 fastum
1360 2501 1494 2575 demum

281 2603 368 2679 illud
393 2601 435 2673 ab
462 2594 621 2671 Adriano
646 2593 748 2669 suiffe
770 2523 855 2692 pud
882 2593 954 2668 hoc
978 2595 1105 2670 bellum
1134 2593 1363 2685 confedturn3
1401 2619 1493 2671 acce·

282 2700 361 2787 dit,
396 2693 510 2793 ipsum
533 2692 568 2766 A
593 2715 629 2785 p.
656 2691 694 2763 in
721 2693 819 2786 Syn,
852 2689 911 2764 ubi
940 2689 984 2762 de
1008 2688 1258 2786 Hierosolyma
1282 2715 1303 2763 a
1326 2693 1492 2789 Pompejo

278 2812 384 2897 eapta
402 2790 497 2897 agit,
521 2717 701 2875 adderem,
724 2785 943 2899 urbemdein
959 2810 978 2894 a
997 2783 1232 2895 Vespasiano,
1257 2804 1296 2858 et
1314 2784 1425 2884 noslra
1442 2812 1490 2861 ae·

279 2878 743 3086 &tardastis
769 2880 1450 3077 dissidii?..iffiidi‘i‘dddd
1463 2899 1497 3053 ⁶:

277 3080 372 3157 Tito
397 3071 592 3162 uestrum,
618 3074 661 3146 alr
687 3092 832 3147 uatenus
856 3072 963 3147 fuerit
986 3073 1228 3164 reaedificata,
1255 3092 1292 3146 et
1320 3099 1341 3148 a
1365 3077 1492 3149 Roma

277 3177 338 3254 nis
368 3170 579 3256 inhabitata,
605 3190 646 3240 ac
670 3168 772 3241 rdolis
790 3168 1012 3256 consecrata3
1038 3171 1194 3265 adeoque
1218 3170 1345 3266 Judaei
1369 3171 1413 3244 ad
1430 3173 1494 3245 bes·

279 3276 358 3353 ium
382 3265 515 3343 fuerint
540 3263 689 3338 excitati
714 3264 756 3338 ad
780 3288 891 3360 remp.
919 3263 1188 3356 instaurandam,
1228 3284 1267 3337 et
1290 3266 1493 3376 Hierosoly.-

278 3395 377 3449 mam
409 3363 471 3441 srbi
502 3359 767 3450 vindicandam,
810 3359 937 3435 ducem
964 3360 1057 3435 naui
1083 3359 1271 3435 strenuum.
1322 3361 1494 3462 Quicquid

279 3465 479 3543 haedere
507 3459 569 3550 sit,
593 3458 669 3532 illos
692 3459 730 3530 in
754 3475 911 3551 apertum
936 3457 1061 3531 bellum
1087 3481 1168 3531 cum
1194 3456 1368 3553 Romania
1395 3456 1495 3533 ruisse

278 3558 441 3646 constat,
467 3575 506 3631 ut
531 3578 681 3653 regnum
706 3574 743 3628 et
763 3553 973 3650 religionem
999 3554 1090 3631 suam
1115 3571 1352 3646 renovarent,
1378 3557 1422 3630 ab
1439 3556 1494 3629 ali-

216 3660 221 3669 “
309 3681 357 3732 uo
379 3652 676 3738 Pseudo-Mesua,
701 3649 761 3746 qui
780 3648 815 3723 se
843 3650 969 3724 ducem
1012 3648 1167 3736 raebuit,
1192 3647 1382 3724 excitatos.
1424 3648 1497 3746 Ipse

278 3770 415 3830 nomen
449 3746 568 3819 sumsit
598 3748 825 3823 Burcoclzebae
857 3769 890 3842 q.
917 3746 949 3820 d.
1000 3745 1083 3818 sium
1117 3744 1250 3820 stellae:
1294 3764 1332 3819 ut
1369 3746 1405 3821 se
1433 3745 1498 3823 effe

278 3848 426 3950 jauaret
453 3841 544 3914 fidus
570 3865 590 3914 e
617 3843 718 3918 coelo
747 3840 897 3936 lapsum,
931 3840 1066 3936 stellam
1102 3841 1192 3915 illam
1218 3840 1366 3937 Jacobi,
1403 3841 1496 3939 cujus

276 3938 447 4022 meminit
471 3936 621 4045 Bileam,
653 3938 695 4011 ad
719 3938 878 4034 Judaeis,
920 3961 1160 4013 aerumnarum
1187 3939 1279 4010 mole
1307 3940 1495 4034 oppressis,

255 4046 397 4120 'iucem
423 4055 460 4110 et
481 4034 682 4108 libertatem
706 4034 951 4122 adferendam,
985 4056 1023 4108 ut
1048 4034 1126 4108 Eus.
1153 4032 1280 4119 tradit3
1315 4035 1411 4129 quod
1436 4057 1496 4108 no·

277 4128 981 4312 maar.armetur
1007 4131 1127 4321 ur
1153 4130 1498 4301 aarum

363 4286 380 4303 υ
595 4276 615 4298 ⁰
666 4279 676 4311 n
981 4280 992 4314 2

280 4354 320 4409 et
344 4327 454 4403 filium
480 4319 663 4396 mendacii.
1481 4279 1498 4319 ²

278 4473 283 4482 ·
332 4428 362 4527 §.
389 4422 518 4496 DLXI.
555 4416 720 4493 Successit
742 4413 823 4513 ipsis
845 4415 987 4511 quidem
1017 4415 1163 4488 rebellio
1189 4416 1227 4490 in
1253 4415 1386 4507 initiis,
1420 4439 1498 4492 cae·

279 4526 346 4606 des
374 4541 411 4596 et
436 4515 571 4617 rapinas
601 4513 872 4617 quaquaversum
897 4511 1210 4617 circumtulerunt,
1242 4536 1340 4591 arces
1366 4536 1442 4622 50,
1461 4534 1505 4621 ¹et

272 4668 284 4701 f
781 4686 786 4701 ,
949 4682 952 4687 ,
1406 4628 1507 4685 vitos
