3575 5884
292 1093 369 1181 556
636 1078 782 1183 {Asturis
804 1066 1038 1184 Ecclefiqllicae
1060 1080 1106 1162 V.
1132 1076 1175 1161 T.

294 1266 388 1343 ande
415 1255 557 1339 initium
582 1253 707 1368 irarum
732 1262 826 1336 inter
848 1265 1001 1361 Judaeos
1024 1283 1063 1339 et
1090 1265 1254 1341 Gentiles
1278 1265 1412 1364 repetlt
1438 1257 1516 1362 Joli

292 1364 382 1441 ibid.
433 1359 585 1431 Acceffit
602 1358 751 1445 deinde,
776 1360 907 1433 Fadum
926 1361 1098 1458 Judaeos,
1124 1364 1289 1437 Peraeam
1314 1361 1509 1437 inhabitan-

295 1477 369 1552 tes,
394 1456 564 1533 seditione
590 1454 684 1524 inter
709 1477 771 1526 eos
795 1476 833 1527 et
861 1457 1023 1530 Gentiles
1047 1457 1331 1555 Philadelphiae,
1356 1455 1513 1555 quaeest

294 1560 436 1652 antiqua
461 1548 745 1622 Ammonitarum
770 1552 978 1649 metropolit
1005 1555 1147 1641 Rabba,
1181 1575 1282 1642 orta,
1316 1556 1508 1651 repreben·

293 1653 400 1741 diss’e,
435 1666 470 1719 et
497 1646 534 1716 in
560 1645 707 1716 exilium
732 1646 897 1742 relegaffe
929 1667 1069 1726 autores
1094 1647 1278 1723 seditionis
1308 1673 1357 1724 ex
1383 1650 1507 1744 Judae·

291 1751 342 1838 is,
380 1767 451 1818 uno
477 1763 601 1813 eorum
625 1760 740 1814 morte
771 1739 919 1838 punito',
954 1742 1025 1840 Jos.
1049 1745 1135 1818 Ant.
1160 1746 1241 1820 XX:
1271 1759 1303 1819 1.
1354 1745 1510 1832 Praecla-¹

290 1867 368 1920 rum
394 1839 470 1935 ejus
498 1835 632 1910 lacinus
656 1838 844 1911 memoriae
870 1840 1054 1935 proditum
1078 1837 1149 1928 est,
1176 1840 1271 1938 quod
1290 1839 1506 1913 Tliolomae·

287 1962 372 2025 um,
396 1939 570 2009 latronum
593 1932 811 2030 principem,
838 1935 896 2030 qui
922 1935 1030 2007 multa
1052 1938 1141 2008 mala
1164 1936 1339 2009 ldumaeis
1359 1933 1401 2008 ¹et
1420 1938 1505 2008 Ara·

287 2035 392 2112 bibus
418 2031 602 2117 intulerat,
627 2030 689 2124 sup
716 2029 800 2102 licio
823 2030 1015 2120 adfecerit,
1049 2031 1190 2127 ejusque
1215 2055 1320 2121 cura,
1353 2051 1395 2103 ut
1418 2031 1502 2104 ibid.

288 2130 397 2209 tradit
412 2127 503 2226 Jos.‚
528 2126 658 2222 Judaea
676 2055 784 2196 ἐστὶι
807 2125 1002 2200 latrociniis
1025 2127 1154 2199 exinde
1171 2146 1332 2223 purgata.
1381 2129 1504 2200 Theu-

288 2228 367 2303 dam
396 2246 555 2321 quoque,
581 2220 961 2316 pseudo-prophetam,
986 2221 1046 2319 qui
1073 2224 1199 2295 multos
1217 2220 1297 2317 post
1317 2220 1356 2301 se
1375 2223 1502 2312 traxit,

286 2318 494 2400 miraculoso
519 2338 585 2411 per
601 2316 790 2411 Jordanem
814 2316 958 2390 transitu
983 2317 1170 2413 promillo,
1196 2316 1303 2390 instar
1330 2315 1420 2414 ligni
1436 2319 1497 2392 Di·

285 2417 384 2508 vini,
426 2410 523 2506 cepit
557 2428 596 2482 et
627 2429 743 2483 morte
779 2411 942 2506 punivit:
983 2411 1044 2509 qui
1074 2415 1186 2507 probe
1221 2411 1273 2504 est
1305 2437 1329 2486 a
1353 2413 1504 2488 Thenda

285 2514 368 2591 All.
392 2511 441 2584 V.
466 2503 739 2601 distinguendus.
792 2507 979 2582 Commodi
1002 2507 1108 2580 etiam
1131 2507 1216 2582 illud
1238 2508 1314 2603 ejus
1342 2526 1504 2606 tempore

284 2607 417 2686 accidit
441 2601 601 2700 Judaeis,
640 2599 734 2697 quod
768 2600 890 2679 stolam
924 2604 1182 2708 Pontificiam,
1209 2626 1300 2699 quae
1329 2626 1436 2678 antea
1463 2604 1499 2678 in

284 2705 530 2781 Romanorum
562 2698 677 2772 fuerat
763 2697 908 2791 testate,
946 2699 985 2772 in
1017 2723 1097 2774 arce
1133 2697 1294 2772 Antonia
1325 2700 1498 2795 reposita,

282 2801 342 2876 sed
366 2824 387 2872 a
416 2794 590 2880 Gabini0,
614 2795 697 2899 Prae
713 2793 770 2865 tde
787 2796 937 2900 ‘Syriam
963 2794 1104 2962 Judaeis
1126 2793 1282 2882 reddita,
1316 2808 1413 2868 nnnc
1438 2818 1500 2869 ve·

281 2916 324 2971 ro
347 2916 367 2965 a
392 2889 501 2962 Caffio
526 2889 712 2982 Longum,
745 2889 849 2962 Vibii
877 2893 987 2964 Mari
1015 2890 1227 2981 succeffore,
1251 2888 1413 2964 Praesrde
1435 2893 1496 2987 Sy·

281 2989 373 3075 riae,
399 2984 667 3071 reclamabatur,
701 2983 914 3060 retinuerint
937 2985 1028 3082 jullu
1052 2984 1209 3073 Claudii,
1242 3008 1308 3079 per
1331 2986 1499 3060 interces-

280 3088 414 3163 sionem
450 3080 634 3175 Agrippae
676 3079 843 3173 Junioris.
900 3083 1100 3176 Inpetravit
1134 3103 1271 3191 quoque
1303 3081 1498 3171 Herodes,

280 3179 448 3282 princeps
472 3194 558 3246 tunc
585 3172 780 3280 Chalcidis,
807 3176 916 3250 frater
938 3176 1121 3275 Agrippae
1149 3173 1320 3272 MaJoris‚
1344 3175 1498 3287 potesta·

280 3298 358 3354 tem
383 3272 560 3348 thesauros
584 3267 727 3376 Templi
755 3270 898 3361 tuendi,
940 3294 982 3343 ac
1006 3271 1199 3344 Pontifices
1222 3273 1388 3360 creandi,
1424 3272 1497 3439 Lol.

280 3379 306 3455 1,
339 3395 371 3448 c.
426 3367 584 3443 Tantum
621 3363 794 3458 corripuit
833 3366 984 3462 Judaeos
1022 3367 1147 3465 ingens
1177 3365 1287 3440 fames
1326 3366 1390 3442 sub
1454 3390 1501 3440 oc
1549 3369 1555 3380 '

279 3474 537 3553 Procuratore,
580 3484 659 3534 ann.
684 3458 818 3534 Claudii
845 3480 932 3552 4to,
960 3486 1044 3536 aer.
1080 3464 1188 3559 Vulg.
1211 3484 1271 3554 44.
1303 3465 1347 3536 ab
1372 3464 1498 3560 Agabo

282 3562 363 3644 A&
389 3563 452 3635 XI.
476 3555 672 3657 praedidia,
697 3574 736 3630 ut
757 3579 803 3629 ex
829 3561 960 3633 Chron.
984 3557 1131 3645 Euseb,
1165 3576 1203 3630 et
1225 3577 1343 3631 morte
1366 3559 1401 3633 A
1445 3559 1497 3654 ip-

308 3682 348 3735 ae
372 3679 452 3729 cum
476 3678 517 3729 ea
539 3650 725 3749 conjuncta
748 3651 828 3729 Adi.
854 3654 937 3730 ΧΗ.
961 3653 1090 3762 liquet,
1115 3673 1203 3748 quae
1227 3652 1287 3726 sub
1302 3655 1407 3727 succe
1436 3676 1499 3726 ore

280 3685 368 3834 iad
386 3749 539 3825 Tiberio
568 3747 814 3839 continuavit,
838 3749 975 3849 quando
999 3748 1046 3823 ris
1065 3746 1238 3824 succurrit
1258 3750 1400 3824 Helena
1416 3772 1499 3824 ann.

280 3845 424 3931 aer.V.
450 3863 511 3932 45.
537 3845 581 3918 de
605 3868 671 3942 qua
695 3866 791 3918 mox.

279 3958 283 3966 ’
326 3943 358 4119 ἓ.
384 3938 574 4018 DXXXV.
618 3939 786 4016 Succeffit
819 3938 884 4037 ipsi
911 3939 1059 4016 Tiberius
1082 3940 1292 4030 Alexander,
1334 3938 1493 4025 Philonis

302 4071 324 4119 u
348 4039 402 4118 aei
421 4056 465 4112 ex
482 4032 588 4107 fratre
606 4057 738 4132 nepos,
764 4036 956 4111 Alexandri
972 4038 1204 4125 Alabarchae,
1231 4035 1276 4108 de
1301 4057 1373 4131 quo
1430 4033 1495 4108 ost·

280 4165 345 4229 ea,
371 4136 482 4223 lilius,
506 4127 690 4224 religionis
706 4129 840 4240 patriae
864 4132 1041 4209 desertor:
1066 4133 1126 4231 qui
1151 4133 1237 4206 duos
1252 4130 1367 4221 filios,
1392 4061 1497 4228 iiico·

278 4239 362 4318 bum
391 4251 428 4304 et
444 4229 643 4314 Simonem,
669 4228 780 4321 Judae
803 4227 901 4302 istius
928 4230 1094 4318 Galilaei,
1119 4228 1250 4322 dequo
1273 4227 1374 4324 snpra
1399 4225 1498 4314 dixi,

277 4323 463 4415 'seditiosos
481 4324 637 4412 Zelotas,
662 4321 760 4394 cruci
785 4322 910 4396 adfixit
934 4324 1009 4490 1los.
1034 4325 1120 4399 Ant.
1147 4321 1228 4397 XX:
1253 4344 1291 4413 5.
1320 4323 1392 4397 Sub
1420 4322 1433 4396 i
1460 4321 1497 4396 so

280 4443 419 4530 quoque
445 4417 728 4517 Hierosolymam
751 4417 853 4488 venit
871 4419 933 4490 He
947 4441 1033 4511 ena,
1060 4438 1172 4494 mater
1189 4416 1317 4508 Izatis,
1342 4416 1439 4494 Adia

273 4543 407 4640 notum
429 4513 545 4620 regia,
585 4515 799 4621 Judaeum
822 4510 1001 4612 religione
1027 4536 1097 4600 um
1122 4535 1207 4598 cum
1226 4514 1330 4623 ipso,
1369 4531 1411 4592 et
1434 4513 1503 4703 fg
