3575 5884
632 1206 639 1219 .
667 1156 670 1161 ·
735 1128 916 1219 ‘rohons
936 1073 1059 1215 Serra
1355 1131 1357 1134 ’
1441 1156 1518 1235 425

287 1341 343 1393 um
359 1310 605 1411 Philadelphum
626 1327 700 1387 etc.
725 1310 769 1388 ad
783 1311 880 1411 quod
893 1308 1080 1387 molestum
1096 1327 1276 1389 certamen
1293 1312 1510 1410 finiendum,

283 1410 385 1487 mera
411 1408 463 1484 est
486 1408 574 1483 initu
601 1407 772 1498 societas,
796 1409 870 1485 filia
886 1404 1107 1506 Philadelphi
1128 1408 1298 1508 Berenice
1323 1409 1509 1488 Antiocho

281 1509 373 1582 data
394 1502 432 1577 in
456 1528 614 1580 uxorem.
660 1507 720 1577 De
746 1528 839 1601 quo,
887 1500 1029 1601 ejusque
1055 1503 1194 1580 funesto
1218 1504 1343 1596 exitu,
1385 1506 1509 1604 egiin

279 1600 439 1679 historia
464 1599 647 1686 Antiochi.
694 1601 882 1675 Praeterea
911 1621 1064 1697 regnum
1085 1602 1187 1675 vario
1211 1601 1320 1701 modo
1343 1603 1508 1705 ornavit,

279 1723 331 1775 ac
364 1696 643 1770 florentidhnurn
674 1713 711 1767 er
735 1695 938 1771 didffmum
975 1692 1075 1770 fecit.
1130 1697 1296 1772 Plurimus
1332 1696 1389 1772 vel
1420 1722 1508 1775 con·

280 1791 402 1880 didit,
429 1792 485 1863 vel
510 1789 735 1880 instauravit,
772 1794 896 1880 urbes,
936 1789 1047 1887 iisque
1070 1789 1217 1868 donavit
1238 1792 1333 1868 varia
1385 1792 1505 1870 riviie·

280 1891 367 1986 gia:
403 1886 491 1962 Vid.
518 1886 704 1960 Theocrit.
729 1888 782 1964 Id
808 1888 930 1968 XVII.
979 1889 1078 1961 Inter
1104 1911 1187 1984 quar
1210 1893 1316 1963 etiam
1368 1914 1432 1967 uae
1447 1914 1505 1967 ce·

281 1989 402 2061 lebres
438 1986 541 2057 urbes
570 1984 713 2055 suerunt
744 1983 783 2060 in
806 1980 1016 2074 Palaestina,
1057 1983 1101 2055 ab
1134 1982 1210 2080 ipso
1241 1984 1506 2093 reaedificatae,

281 2082 369 2155 nce
400 2077 444 2153 ad
483 2080 685 2165 omasum,
742 2100 793 2155 et.
813 2080 937 2154 Rabba
968 2076 1254 2154 Ammonitarum
1281 2080 1328 2155 ad
1358 2104 1507 2173 ortum,

284 2201 374 2272 quas
397 2174 441 2248 de
468 2174 529 2247 suo
552 2174 595 2248 ad
622 2172 739 2247 ellavit
762 2173 930 2269 nornine,
952 2172 1108 2271 priorem
1124 2176 1361 2267 Ptolemaida,
1385 2174 1503 2275 poste·

285 2273 423 2346 riorem
456 2269 598 2343 Philad‘
612 2267 744 2367 phium.
788 2271 1029 2343 Mercaturam
1062 2269 1333 2369 AEgyptiorum
1361 2272 1504 2372 insigni·

284 2366 673 2537 {rfrh‘rl‘lnrr
690 2362 1505 2561 trirlllhssrr'hilbls,blitum

1229 2515 1241 2552 i

288 2559 393 2653 Tyro
417 2582 525 2656 grave
550 2555 668 2630 intulit
689 2555 863 2630 damnum.
914 2556 999 2630 Vid.
1024 2558 1138 2634 Surb.
1162 2562 1185 2634 l.
1210 2561 1331 2637 XVll.
1358 2580 1395 2635 et
1412 2559 1501 2636 Prin

284 2654 340 2728 H.
374 2653 424 2730 N.
457 2655 480 2729 h
515 2653 584 2727 VL
643 2650 807 2747 Denique
843 2650 1101 2726 Bibliothecam
1135 2652 1269 2728 summo
1300 2653 1416 2732 studio
1447 2654 1502 2737 in.-

280 2747 436 2838 struxit,
461 2768 499 2823 et
521 2749 640 2840 auxit,
682 2764 719 2819 et
746 2746 936 2821 studiorum
961 2746 1112 2822 cultores
1134 2746 1347 2837 honoravit,
1387 2774 1429 2825 ac
1456 2748 1501 2828 ad

279 2847 321 2922 se
358 2844 513 2925 adlicuit
560 2845 671 2918 «luter
701 2867 792 2939 quos
827 2841 982 2918 celebres
1015 2859 1172 2940 poetae,
1213 2843 1431 2925 Theocritus
1463 2867 1503 2925 et

282 2939 536 3028 Callimachus,
556 2941 669 3013 clarus
690 2939 867 3013 litterator
891 2935 1134 3030 Aristarchus,
1157 2960 1198 3015 et
1213 2939 1417 3019 Historicus
1432 2941 1501 3020 iste

285 3036 467 3122 Maneto,
506 3035 564 3130 qui
596 3059 651 3109 res
680 3032 885 3204 AEgppltias
917 3031 1062 3130 scripsit.
1109 3033 1236 3110 Libros
1272 3062 1411 3138 quoque
1437 3042 1502 3139 J.

283 3129 476 3221 dacorum,
506 3133 565 3205 seu
591 3132 640 3205 V.
669 3132 739 3221 T.,

282 3249 364 3299 curn
392 3225 483 3301 uerti
512 3225 670 3301 curavit:
712 3248 800 3324 quae
832 3223 946 3299 versro
975 3225 1072 3300 audit
1103 3228 1206 3304 LXX
1238 3231 1500 3328 interpretum:

280 3322 586 3491 cujuspbihotiam
608 3319 729 3419 postea
755 3319 897 3399 madum
943 3321 1100 3401 Praefuit
1123 3348 1202 3404 ann.
1230 3332 1275 3421 38
1299 3324 1381 3422 post
1405 3350 1501 3403 mor·

283 3437 358 3492 tem
410 3439 503 3492 atns.

328 3513 362 3612 h.
389 3514 641 3590 CCCCXXIII.
675 3513 828 3612 Excepit
852 3515 970 3611 Ipsum
994 3513 1085 3590 filius
1112 3512 1336 3605 Ptolemaeus,
1360 3539 1381 3593 a
1404 3541 1502 3620 mag.

266 3608 341 3684 .nis
367 3610 405 3684 in
431 3611 587 3685 subditos
617 3611 755 3688 meritis
777 3613 955 3704 Euergetes
990 3610 1199 3706 adpellatus;
1238 3607 1299 3686 sub
1326 3636 1396 3709 quo
1417 3618 1499 3718 reg·

281 3730 369 3780 num
401 3708 608 3780 mirabiliter
631 3706 700 3780 fuit
734 3706 957 3806 prosperum,
1000 3705 1140 3804 ejusque
1171 3707 1357 3799 pomoeria
1390 3713 1500 3814 longe

281 3805 421 3898 iateque
446 3805 524 3877 sunt
549 3803 700 3877 extensa.
752 3801 888 3877 Tenuit
905 3798 1001 3876 enirn
1024 3802 1235 3969 Euergetes,
1260 3827 1401 3901 praeter
1418 3835 1497 3907 rege

282 3922 369 3973 num
396 3898 458 3974 srbi
485 3902 622 3973 aPatre
644 3898 826 3987 relisturn,
854 3917 963 3972 totum
987 3896 1062 3970 fere
1088 3897 1224 3988 Aram,
1248 3920 1287 3977 et
1312 3905 1498 3981 Minorem

281 3996 472 4070 maximam
497 4015 654 4091 purtem,
680 4015 718 4070 et
731 3994 910 4090 Maiorem
926 3993 1090 4088 usquead
1107 3990 1262 4086 Indiam,
1286 4024 1395 4094 regna
1411 4026 1497 4097 quo-

282 4115 353 4186 que
379 4091 518 4183 omnia,
543 4090 594 4165 cis
617 4110 655 4164 et
681 4110 892 4165 transmare
916 4089 1096 4179 Rubrum,
1139 4088 1200 4165 seu
1232 4091 1344 4169 finum
1370 4094 1495 4171 Arabi·

281 4211 384 4274 cum,
409 4189 601 4286 usquequo
625 4184 664 4263 in
682 4190 864 4265 Oceanum
888 4183 1027 4276 influit,
1059 4185 1267 4287 AEthiopas
1288 4208 1326 4262 et
1349 4189 1495 4274 Arabes.

282 4282 541 4378 Expeditiones
572 4282 722 4380 suscepit
754 4285 880 4370 multas
905 4301 942 4359 et
966 4280 1192 4374 felicilsrmas,
1258 4281 1423 4383 raecipue
1458 4292 1497 4367 in

281 4380 449 4474 Regnum
474 4379 656 4477 Syriacum
678 4379 739 4454 sub
765 4381 914 4455 Seleuco
938 4379 1125 4468 Callinico,
1151 4379 1193 4452 ad
1234 4380 1345 4454 ororis
1371 4403 1496 4461 necem

283 4475 539 4552 vindicandam.
589 4475 694 4570 Cujus
727 4475 892 4551 notitiam
923 4475 1005 4550 dedi
1041 4477 1078 4550 in
1103 4471 1246 4578 historia
1267 4475 1409 4573 Regum
1431 4480 1496 4578 Sy.

285 4571 370 4644 riae.
415 4572 674 4667 Expeditiones
712 4573 787 4674 ejus
820 4573 1047 4650 conservatae
1081 4569 1160 4647 suut
1191 4588 1232 4646 m
1265 4593 1499 4656 monuments

331 4666 418 4746 Trur.
443 4670 496 4744 ll.
863 4662 969 4744 libb
1297 4662 1620 5032 Adulitico,¹

826 3148 898 3202 tem
921 3127 1099 3221 5Mos1s,
1139 3130 1178 3207 in
1203 3133 1359 3231 linguam
1386 3137 1500 3211 Grae·
