3575 5884
750 1073 905 1151 Periodus
928 1016 1068 1154 Odan-
1443 1102 1519 1191 555

311 1246 458 1361 rvibio
480 1248 625 1343 Marso,
664 1251 786 1361 Syriae
816 1253 992 1361 praefide‚
1037 1273 1077 1329 et
1105 1251 1301 1332 succeffore
1325 1255 1510 1351 Petronii3

301 1348 910 1540 llli‘nluilffln‘lgllllmeffll}
930 1351 1387 1541 dliqd’dpficmriiss’
1415 1357 1515 1527 all

296 1499 515 1635 summopere
540 1538 718 1634 captavit,
742 1563 788 1612 eo
810 1538 919 1612 etiam
947 1502 1079 1638 usque,
1099 1505 1336 1639 ut⁰Jacobum
1357 1472 1513 1640 ridolto·

294 1640 364 1712 lum
390 1636 507 1731 gladio
541 1635 742 1731 puniverit,
783 1653 821 1708 et
845 1637 991 1711 Petrum
1016 1637 1056 1711 in
1088 1643 1266 1713 carcerem
1291 1639 1512 1738 conjecerit,

292 1731 375 1807 Act.
402 1732 484 1804 ΧΠ.
510 1730 554 1804 de
574 1756 644 1826 quo
671 1730 790 1827 postea
814 1731 876 1804 suo
895 1731 997 1821 loc03
1023 1732 1145 1807 nactus
1164 1733 1273 1807 etiam
1298 1735 1350 1808 est
1373 1735 1509 1812 inaudi-

291 1827 884 1997 araulalalatmr
906 1827 1074 1998 lala
1091 1829 1514 2002 narramur

291 2016 435 2117 quando
452 1978 657 2114 'splendidus
682 2018 787 2091 hicce
805 1978 883 2106 Sol,
911 2038 950 2092 ut
967 2022 1057 2116 Joel.
1083 2021 1148 2094 ΙΙΙ.
1174 2018 1393 2117 praedictum
1418 1953 1512 2117 fulli}

290 2113 396 2190 brevi
423 2113 568 2188 occidit.
617 2114 758 2209 Judicio
787 2113 884 2186 enim
910 2113 1049 2193 Divino
1084 2117 1184 2212 plaga
1214 2115 1407 2190 miserrima
1431 2143 1522 2215 per«,

290 2210 405 2285 cullus
435 2209 559 2282 misere
593 2207 712 2305 periit.
778 2207 944 2282 Testatur
975 2233 1150 2308 quoque,
1199 2229 1341 2308 praeter
1377 2214 1514 2291 Lucam

290 2305 374 2381 Adi.
399 2307 502 2395 Xll.,
534 2304 578 2377 de
607 2304 740 2401 tragica
767 2304 834 2378 hac
866 2323 982 2380 morte
1007 2307 1078 2403 Jos.
1110 2307 1198 2381 Ant.
1234 2307 1332 2379 xlx:
1359 2315 1392 2387 8.
1427 2309 1511 2402 ubi,

290 2426 374 2571 wall
399 2398 999 2571 rggffiarpadgnpceffla
1023 2425 1090 2499 per
1137 2400 1266 2511 ωε
1291 2399 1512 2580 Aladin

388 2522 447 2569 or
634 2521 684 2569 1·
793 2521 813 2570 a
909 2521 1071 2571 oraro
1164 2520 1293 2585 voces,
1393 2553 1401 2570 .
1506 2515 1515 2531 ·

290 2611 499 2668 memoratas
509 2551 532 2681 ,’
546 2614 613 2664 nec
641 2549 685 2664 ab,
707 2592 784 2689 ipso
807 2590 957 2681 refusas,
989 2522 1129 2665 srlldndio
1152 2592 1316 2665 involvit.
1365 2593 1509 2690 Regna

291 2690 350 2765 vit
384 2689 444 2762 sub
468 2687 611 2761 Claudio
646 2711 726 2762 ann.
753 2712 772 2783 3
800 2686 1014 2783 completos,
1053 2687 1113 2759 sub
1138 2687 1224 2782 Cajo
1250 2704 1368 2760 autem
1390 2709 1438 2778 43
1471 2686 1512 2771 in

289 2784 492 2862 universum
517 2783 635 2880 itaque
660 2805 740 2856 ann.
768 2805 811 2875 7,
836 2802 874 2861 ut
899 2782 947 2858 rb.
974 2782 1080 2857 tradit
1105 2780 1175 2878 Jos.
1200 2781 1222 2856 Ι.
1247 2801 1278 2856 c.

342 2880 375 2980 §.
400 2881 607 2954 DXXXIV.
651 2881 801 2952 Mortuo
827 2878 1008 2975 Agrippa,
1048 2877 1161 2952 forma
1184 2875 1367 2976 regiminis
1390 2875 1512 2958 denuo

291 2994 424 3054 mutata
456 2973 525 3060 est,
566 2973 696 3071 Judaea
727 2973 765 3046 in
789 2972 938 3047 formam
971 2971 1180 3069 provinciae
1213 2975 1329 3048 rursus
1360 2974 1512 3058 redacta.

288 3071 498 3168 Reliquerat
522 3072 663 3164 quidem
687 3069 867 3165 Agrippa,
901 3088 1040 3167 praeter
1067 3067 1175 3156 filias,
1212 3069 1266 3142 uti
1291 3071 1510 3159 Berenicen,

289 3166 432 3244 Herodi
459 3164 654 3253 Chalcidis,
686 3185 814 3262 patruo
839 3165 933 3262 ejus,
962 3182 1128 3261 nuptam,
1162 3163 1366 3256 Drusillam,
1398 3166 1512 3246 Felici

316 3261 511 3336 rocuratori
535 3261 619 3334 dein
642 3265 809 3357 nuptam,
836 3261 945 3359 eujus
969 3261 1107 3336 mentio
1133 3259 1185 3333 est
1211 3261 1250 3337 in
1275 3261 1357 3335 Adi.
1383 3261 1509 3357 Apost.

287 3290 550 3447 dratiamnem,
576 3376 614 3428 et
642 3355 745 3445 alias,
769 3355 881 3430 filium
906 3355 1181 3524 cognominem,
1209 3378 1254 3449 17
1274 3375 1409 3463 tantum
1426 3379 1510 3435 ann.

290 3473 434 3542 natum,
460 3453 629 3561 sedeam
654 3475 726 3524 non
742 3452 920 3560 suc-celim
970 3451 1217 3527 illuadentibus
1237 3447 1382 3558 aulicis,
1407 3473 1511 3546 prae·

287 3547 861 3741 tillelelllalstlilllli
877 3542 1509 3748 tcaltllrdalllllzll

288 3741 384 3818 Hist.
411 3742 460 3815 V.
494 3759 533 3813 et
557 3744 600 3814 ab
626 3763 672 3812 eo
698 3757 858 3837 ternpore
884 3737 947 3811 res
966 3792 975 3808 .
1010 3734 1111 3811 valde
1135 3754 1259 3831 coepit
1281 3739 1433 3830 turbari,
1466 3759 1509 3816 ac

285 3840 332 3913 ad
360 3837 543 3911 interitum
568 3859 729 3934 vergere.
781 3833 915 3909 Primus
938 3763 1150 3941 {rocurator
1183 3830 1254 3906 fuit
1283 3833 1420 3931 Capias
1444 3836 1512 3916 Fa..

288 3938 349 4008 dus
372 3957 437 4030 per
464 3956 484 4006 2
509 3955 628 4006 annos.
675 3929 885 4006 Mandatum
921 3951 956 4002 er
981 3928 1103 4004 Caesar
1133 3925 1279 4023 dederat
1336 3955 1357 4004 e
1388 3932 1510 4007 Caesa·

287 4028 487 4103 raeensrbus
511 4048 549 4102 et
578 4025 794 4115 Sebastenis,
835 4025 894 4123 qui
923 4022 1130 4099 memoriam
1156 4023 1339 4124 Agrippae
1360 4025 1510 4101 acerbis·

269 4126 374 4201 ·srrne
389 4150 432 4198 ac
450 4123 665 4215 foediffinre,
691 4121 812 4201 verbis
826 4143 864 4196 et
881 4119 1004 4211 fadis,
1030 4137 1154 4194 contra
1172 4123 1263 4197 bene
1288 4119 1395 4192 etiam
1411 4121 1508 4218 ejus,

286 4245 332 4296 ac
357 4220 515 4296 Herodis
538 4224 617 4310 M.,
653 4220 697 4292 de
725 4217 737 4293 i
764 4217 806 4292 fis
832 4217 981 4306 merita,
1016 4218 1273 4303 laceraverant,
1296 4213 1508 4322 puniendis,
1539 4286 1541 4293 .

285 4319 377 4392 alam
402 4339 491 4390 vero
517 4243 814 4390 caesaraeendum
840 4335 879 4389 et
896 4310 1183 4402 Sebastenorum,
1208 4331 1250 4382 ac
1274 4331 1429 4417 qumque
1445 4333 1508 4386 co·

283 4413 432 4500 hortea,
458 4413 496 4487 in
519 4415 673 4487 Pontum
698 4410 927 4510 transportari
952 4410 1069 4510 juffit,
1093 4409 1152 4485 sed
1179 4407 1357 4501 legatione
1385 4429 1509 4491 eorum

279 4525 460 4586 'exomua
474 4509 669 4608 inJudaea
683 4532 755 4588 eor
779 4533 924 4682 manere
940 4506 1117 4608 permifit,
1132 4496 1213 4615 Jos.
1230 4501 1317 4614 Ant.
1341 4501 1508 4681 Xllffnpg

276 4634 283 4662 ··
321 4642 332 4655 ·
447 4670 456 4680 .,
855 4625 981 4682 aaaa
