3575 5884
235 974 240 1235 l
702 1176 887 1257 ''Parsada's
908 1174 1050 1285 Μία.
1402 1170 1405 1179 ’
1454 1205 1505 1284 79

293 1353 354 1456 guli
377 1352 539 1450 seorsim,
568 1372 613 1433 nt
641 1362 715 1457 equi
734 1373 768 1434 et
798 1359 881 1433 masa
911 1356 950 1434 in
974 1358 1050 1435 vita
1080 1356 1392 1457 conservarentur,
1431 1386 1501 1444 nec
1619 1426 1622 1433 .

293 1457 475 1551 caroliquis
490 1459 650 1564 jumentis
666 1455 750 1554 quid
760 1454 1012 1552 ‘exscinderetur
1035 1453 1176 1530 defesiu
1188 1458 1370 1549 alimenti,
1396 1482 1502 1558 quern

291 1550 414 1625 sensum
440 1550 586 1627 ultimae
607 1572 740 1653 uoces,¹
776 1570 814 1624 et
839 1576 902 1625 non
925 1551 1150 1650 exscindamus
1175 1558 1391 1652 ojamentis,
1424 1581 1500 1631 om⁴

291 1645 367 1721 uiuo
390 1646 537 1722 babent.
585 1646 669 1757 Quo
692 1647 731 1723 in
757 1669 866 1745 opere
890 1671 974 1722 cum
995 1647 1243 1742 versarentur,
1270 1648 1398 1726 incidit
1421 1650 1501 1728 Elia

287 1740 537 1835 inbad'am,
577 1764 612 1816 er
660 1765 683 1817 e
705 1743 744 1820 in
776 1742 947 1819 mandatis
970 1743 1050 1833 dat,
1093 1762 1133 1817 ut
1153 1743 1270 1843 Regi,
1308 1745 1381 1821 sese
1413 1768 1502 1826 mox

287 1860 364 1913 eram
415 1837 547 1913 ‘urum
568 1860 592 1910 e
617 1862 661 1931 e,
693 1837 906 1939 adnunciet,
947 1860 986 1915 et
1008 1862 1115 1930 mox,
1149 1863 1230 1914 cum
1255 1840 1501 1920 difficultatem

284 1952 443 2009 moveret
458 1934 535 2009 hoc
554 1931 707 2009 faciendi
725 1934 879 2031 ObadJa,
900 1937 1101 2033 juramento
1126 1937 1322 2012 confirmat.
1370 1940 1502 2038 inquo

284 2030 440 2107 sermone
465 2028 623 2127 Obadjae
646 2028 731 2106 illud
753 2029 907 2107 nostram
931 2050 1087 2106 meretur
1108 2029 1376 2123 adtentionem‚
1401 2030 1501 2133 quod

283 2126 395 2218 dieat,
426 2125 485 2217 se,
518 2148 592 2223 quo
617 2144 780 2225 tempore
806 2127 948 2224 Jezabel
966 2127 1138 2224 prophetas
1159 2126 1308 2220 Jehovae
1333 2130 1414 2205 neci
1437 2131 1500 2207 de·

283 2222 391 2315 imit,
417 2220 607 2331 occultasse
628 2243 774 2314 comm,
799 2226 1031 2336 quinquaginta
1047 2225 1279 2331 quinquaginta
1305 2220 1501 2335 (biterrim

283 2341 315 2395 r.
336 2342 378 2430 a·
396 2318 471 2417 legi
488 2306 749 2428 debetwnss
770 2323 1023 2417 quinquaginta,
1048 2335 1101 2426 uti
1126 2342 1162 2393 v.
1183 2317 1262 2430 13.)
1284 2319 1321 2395 b.
1340 2343 1374 2395 e.
1400 2342 1501 2491 jum·

280 2432 444 2586 &aa
459 2412 580 2489 secum
595 2438 717 2490 murra
739 2414 912 2523 spelunca.
960 2412 1150 2521 Quaerrtur
1165 2438 1282 2528 emm,
1332 2438 1399 2528 nan
1424 2441 1449 2491 o
1463 2416 1501 2494 id

282 2508 1502 2719 amilaiiiniffilppl'lioi{simillimisfiii

280 2703 393 2781 minae
426 2702 469 2778 rd-
490 2703 651 2800 patrandi
681 2721 857 2779 rauonem
880 2700 1049 2798 praebere
1106 2721 1231 2780 oterat.
1279 2706 1373 2779 Cum
1403 2728 1502 2781 emm

280 2822 345 2901 pro
365 2816 493 2873 autore
515 2794 619 2872 funis
641 2798 718 2873 Elia
739 2799 947 2886 haberetur,
972 2814 1011 2870 et
1034 2726 1108 2891 ipsi
1132 2796 1376 2889 delitesceret,
1402 2799 1501 2875 suro·

279 2920 357 2973 aem
379 2894 422 2968 in
444 2892 596 2969 scholam
620 2893 888 2992 propheticam,
922 2891 1019 2967 Eliae
1045 2890 1253 2988 subjeciam,
1279 2892 1427 2986 effudit,
1462 2916 1501 2970 et

287 3015 359 3069 roo
382 2986 474 3063 lilios
493 2989 749 3086 prophetarum
773 2988 928 3080 occidit,
963 3007 1125 3083 tanquam
1148 2989 1262 3063 socios
1285 2990 1403 3080 Eliae,
1438 2992 1499 3101 qui

280 3105 417 3187 partem
440 3084 617 3159 habebant
639 3087 677 3160 in
698 3085 935 3184 perturbando
960 3083 1103 3172 israele,
1136 3086 1189 3158 uti
1214 3085 1311 3160 Eliae
1335 3111 1418 3160 mox
1446 3097 1500 3162 m}-

278 3182 418 3285 putavit
441 3180 568 3254 Achab
591 3204 627 3255 v.
657 3204 711 3276 17.
759 3183 802 3254 ln
825 3179 897 3253 hoc
921 3200 1060 3277 quoque
1082 3179 1184 3254 iamir
1208 3202 1346 3290 tempus
1371 3181 1501 3292 resiiua

278 3276 564 3481 illitas
584 3294 840 3483 silisis
856 3295 1076 3478 tirhtil
1095 3275 1409 3481 ἷῖῗξῖἓζὲἔῗέἒῑ
1422 3280 1502 3449 la

281 3466 740 3663 m

282 3662 336 3738 sm
356 3685 399 3737 ac
425 3659 589 3749 iusserim
617 3656 726 3758 (hanc
750 3682 846 3732 emm
870 3657 1049 3754 emphasin
1073 3656 1179 3729 habet
1205 3659 1280 3755 ejus
1303 3657 1435 3734 drstum
1460 3688 1497 3740 v.

282 3780 341 3852 17.
374 3774 450 3830 tune
482 3758 527 3828 m
555 3752 613 3850 iste
637 3754 773 3829 scilicet
803 3747 928 3850 adesi)
963 3756 1008 3826 ob
1032 3751 1263 3828 calamitatem
1287 3753 1422 3830 scilicet
1448 3759 1500 3832 fa·

279 3852 372 3942 mir,
398 3848 461 3945 ipsi
481 3849 697 3945 imputatam,
730 3872 803 3923 non
828 3846 896 3923 acsr
923 3872 988 3943 qua
1013 3868 1117 3922 verus
1139 3850 1298 3945 Jehovae
1322 3854 1499 3949 propheta

277 3952 358 4048 ejus
382 3964 543 4042 ageretur
564 3969 664 4038 reus,
705 3946 764 4020 sed
789 3945 869 4040 quia
894 3942 1050 4032 dixerat,
1086 3948 1233 4041 pluviam
1258 3970 1277 4020 a
1301 3943 1361 4021 suo
1387 3950 1502 4022 verbo

281 4043 458 4145 pendere,
484 4060 521 4114 et
545 4040 680 4117 interea
705 4062 777 4115 tam
804 4039 865 4111 diu
887 4036 923 4109 se
946 4040 1201 4132 occultaverat,
1226 4066 1294 4116 nec
1317 4045 1407 4115 malo
1425 4043 1499 4116 suc·

281 4158 448 4215 currerat.
498 4138 567 4211 Sed
594 4139 709 4234 quod,
762 4133 916 4231 ostquam
940 4136 1144 4226 Achabum,
1171 4157 1335 4235 tanquam
1357 4138 1501 4215 idolola-

283 4236 373 4309 triae
386 4231 600 4307 Phoeniciae
623 4163 922 4340 introcirsiorcm,
947 4232 1083 4308 dixerat
1095 4231 1206 4342 samri
1233 4232 1301 4342 elie
1317 4254 1499 4330 autorem,

279 4330 459 4420 israelem,
483 4351 565 4402 cum
589 4329 678 4407 falfis
708 4328 913 4427 prophetrs,
946 4352 1137 4403 convocarr
1171 4331 1261 4404 velrt
1284 4329 1326 4401 ab
1351 4329 1501 4406 Achabo
1537 4421 1539 4424 ¹

279 4428 325 4503 ad
347 4444 509 4502 montem
526 4427 742 4515 Carmelum,
767 4421 953 4521 petitionis
977 4427 1062 4499 ratio
1089 4422 1162 4512 est,
1189 4423 1287 4519 quod
1309 4429 1423 4500 notari
1440 4450 1502 4500 ve·

278 4524 363 4612 lim,
379 4521 473 4611 ¹licet
497 4543 574 4593 eam
589 4523 781 4617 prudenter
798 4520 1004 4610 reticuerit,
1031 4544 1077 4592 ne
1094 4520 1218 4592 Achab
1242 4521 1435 4608 recusaret,
1462 4540 1502 4598 ut

277 4618 551 4719 prostitueretur
574 4616 771 4701 idololotria
782 4672 796 4716 ,
838 4637 893 4793 εἰς
898 4616 944 4691 de
968 4614 1157 4719 Majestate
1179 4613 1339 4716 Jehovae
1362 4616 1504 4709 publice

1307 4708 1503 4837 constaret,
1586 4740 1634 5056 1
