3575 5884
254 1070 337 1153 ,580
609 1060 755 1164 ffistorr'a
777 1046 1010 1158 Ecslefiastr‘ca
1032 1060 1075 1137 V.
1102 1057 1143 1133 T.

265 1240 406 1331 caesus,
448 1240 533 1316 dein
552 1242 725 1339 jugulatus
749 1237 818 1314 est:
853 1259 894 1313 ut
921 1259 960 1312 et
987 1242 1168 1337 Johannes
1192 1240 1329 1313 Leviae
1351 1236 1411 1336 Jos.
1423 1241 1462 1315 ll.

267 1337 301 1433 J.
327 1339 413 1412 Vll.
464 1361 495 1412 2.
520 1339 696 1410 Secundum
721 1333 793 1425 est,
826 1336 992 1430 Judaeum
1019 1335 1119 1409 suiffe
1147 1333 1402 1430 aVespasrano
1420 1331 1462 1405 di-

266 1433 468 1521 venditam,
493 1434 643 1528 Judaeos
666 1434 709 1504 ab
735 1431 901 1505 Hieroso!
916 1456 983 1504 ma
1007 1430 1234 1504 inhabitanda
1259 1430 1461 1526 prohibitos,

268 1528 496 1614 Emmaunte‚
532 1535 579 1599 60
605 1525 726 1599 stadiis
753 1526 836 1600 inde
862 1528 897 1600 di
951 1545 1033 1617 nte,
1064 1527 1143 1622 ipsis
1169 1526 1354 1614 concessa,
1384 1524 1462 1597 deni·

267 1647 335 1717 que
360 1624 566 1711 didrachma,
593 1622 763 1695 tributum
792 1622 926 1695 sacrum
943 1622 1035 1695 Tem
1063 1623 1098 1694 lo
1120 1619 1229 1718 pendi
1259 1621 1415 1707 solitum,
1434 1622 1462 1692 in

268 1719 456 1813 Templum
481 1719 584 1814 Jovrs
611 1717 802 1814 Capitolini
829 1718 960 1791 inferre
980 1647 1205 1813 jullposelle3
1249 1735 1309 1803 ut,
1342 1735 1463 1812 praeter

264 1812 335 1907 Jos.
371 1815 409 1885 B.
445 1812 477 1908 J.
507 1815 593 1884 Vll:
621 1821 654 1886 ό.
697 1818 803 1886 etiam
836 1811 1010 1909 Xiphilin.
1045 1811 1152 1884 tradit
1188 1812 1225 1883 in
1252 1810 1462 1907 Vespasrano.

264 1907 372 2006 Quod
396 1907 521 1981 tributi
547 1930 675 2005 genus,
719 1928 881 2003 tanquam
913 1905 1207 2003 ignominiosum,
1251 1908 1378 1980 Nerva
1403 1906 1462 2002 qui·

263 2001 345 2075 dem
375 2003 525 2093 sustulit,
551 2002 609 2076 sed
633 2004 692 2076 sub
722 2004 877 2098 Trajano
901 2025 940 2076 et
955 2005 1157 2092 Hadriano,
1182 2025 1265 2073 cum
1292 2004 1408 2076 denuo
1421 2024 1461 2073 rt·

263 2099 464 2188 bellassent,
489 2118 698 2171 renovatum
717 2098 787 2186 est,
817 2098 889 2171 vid.
907 2100 1029 2173 Naris.
1050 2102 1174 2172 Cenat.
1193 2096 1282 2186 Pis,
1309 2097 1464 2195 deinceps

262 2195 323 2266 sub
355 2194 554 2268 Caelitibus
588 2195 792 2268 Christianis
815 2197 1034 2290 abrogatum.
1085 2215 1116 2288 3.
1147 2192 1296 2265 Tertium
1329 2193 1461 2266 exhibet

263 2291 472 2385 reliquarum
499 2290 685 2361 civitatum
710 2307 748 2360 et
770 2288 1006 2384 castellorum,
1040 2310 1128 2386 quae
1154 2287 1381 2383 supererant,
1415 2313 1463 2363 er·

289 2386 528 2483 ugnationem.
577 2385 786 2471 Herodion,
826 2406 882 2457 ex.
910 2408 961 2481 gr.
995 2404 1034 2458 et
1064 2382 1364 2458 Machaeruntem
1388 2388 1466 2458 ultra

261 2410 451 2577 Jordanem
477 2479 673 2574 subjugavit
698 2478 854 2552 Lucilius
879 2477 1013 2567 Bassus,
1039 2477 1319 2570 et'Maffa'dam,
1362 2479 1464 2554 omni·

262 2600 322 2649 um
340 2573 603 2650 munitissimum
623 2574 854 2662 fortalitium,
881 2573 975 2669 quod
994 2572 1157 2648 Herodes
1172 2574 1229 2646 M.
1256 2573 1296 2647 in
1312 2577 1463 2651 tdtirnum

260 2671 437 2771 refugium
464 2670 525 2744 fibi
550 2669 784 2759 exstruxerat,
810 2694 890 2743 curn
916 2669 978 2742 fibi
1005 2687 1181 2742 metueret
1210 2685 1250 2739 et
1275 2694 1297 2742 a
1319 2673 1462 2768 populo,

175 2828 182 2840 .
259 2790 328 2853 ne,
355 2769 390 2838 se
416 2767 597 2857 depostto,
624 2767 719 2851 illos,
746 2764 806 2860 qui
831 2784 934 2837 antea
952 2766 1072 2862 Reges
1096 2763 1255 2854 fuerant,
1282 2768 1326 2838 ad
1343 2766 1464 2859 princi·

258 2870 379 2960 parum
399 2860 602 2948 reduceret,
627 2879 698 2933 eta
718 2861 901 2956 Cleopatra
917 2860 1006 2957 nug
1057 2859 1106 2948 ti,
1133 2858 1240 2954 ipsius
1258 2863 1341 2934 neci
1359 2862 1465 2936 inten-

259 2977 315 3044 ta,
356 2973 393 3025 ut
425 2978 572 3050 regnum
601 2955 811 3049 judaeorum
838 2957 880 3028 ab
906 2955 1071 3029 Antonio
1096 2954 1297 3049 acciperet,
1340 2958 1409 3051 Jos.
1435 2961 1471 3031 B.

259 3052 290 3149 J.
317 3051 404 3122 Vll:
440 3058 473 3123 6.
521 3049 659 3123 Publius
692 3052 817 3146 Sylva,
856 3050 938 3123 uaffi
967 3050 1005 3124 in
1039 3048 1293 3147 procuratione
1323 3053 1468 3148 Judaeae

208 3151 211 3157 ’
257 3145 455 3222 successor:
499 3145 559 3221 ubi
593 3144 714 3239 Judaei
750 3145 970 3218 tremendum
1011 3142 1262 3240 desperationis
1301 3147 1491 3222 dederunt

255 3243 500 3342 spedaculum.
563 3241 692 3312 Obseffi
719 3241 836 3328 enim,
877 3239 1106 3338 instigatione
1133 3240 1312 3330 Eleazari,
1348 3267 1466 3318 eorum

259 3342 379 3430 ducis,
406 3362 426 3411 e
450 3335 598 3433 posteris
617 3334 1219 3433 JudaeGalilaei,'etpotentils1mi
1249 3335 1467 3428 ficariorum,

259 3461 408 3515 numero
436 3441 531 3522 960,
555 3431 597 3506 ad
622 3431 746 3504 incitas
768 3430 924 3519 sedasti,
949 3456 993 3505 ne
1020 3433 1056 3504 in
1084 3454 1205 3503 manus
1228 3432 1470 3509 Romanorum

257 3533 478 3618 inciderent,
502 3528 681 3625 postquam
711 3551 836 3600 uxores
862 3550 940 3602 curn
964 3524 1101 3615 liberis,
1127 3526 1222 3600 inter
1238 3544 1386 3603 teneros
1403 3555 1469 3605 arn·

220 3712 222 3716 y
259 3632 401 3729 plexus,
430 3624 659 3711 occidissent,
687 3624 720 3696 se
744 3641 866 3697 mutuo
893 3623 1111 3696 trucidarunt
1136 3623 1178 3696 ad
1197 3643 1304 3696 unum
1330 3648 1470 3713 omnem

257 3747 328 3799 una
350 3741 437 3805 anu,
465 3740 502 3790 et
525 3720 589 3791 alia
614 3717 768 3793 foemina
793 3718 916 3806 dosia,
943 3737 980 3790 et
1005 3718 1182 3813 sapiente,
1208 3736 1361 3814 cognata
1378 3723 1472 3796 Elea·

258 3816 351 3906 zati,
391 3835 473 3885 curn
509 3813 663 3910 quinque
696 3814 832 3908 pueris,
874 3838 962 3911 quae
989 3813 1024 3886 se
1052 3811 1089 3885 in
1116 3811 1258 3886 latebris
1283 3814 1470 3890 absconde·

257 3932 357 4002 rant,
383 3905 512 3980 relictis
529 3908 791 4003 superstitibus,
810 3934 897 4006 quae
915 3908 1088 3984 Romanis
1106 3931 1222 3982 arcem
1236 3931 1387 3986 vacuam
1407 3930 1471 3996 tra·

255 4011 443 4092 diderunt,
468 4002 542 4098 Jos.·
563 4006 601 4076 Β.
628 4006 772 4099 J.V11:
801 4014 833 4087 8.
970 4043 972 4046 ·

303 4106 333 4203 J.
360 4101 490 4173 DLlX.
523 4097 580 4169 De
606 4097 695 4172 statu
718 4099 951 4196 Judaeorum,
976 4099 1146 4175 destruent
1163 4099 1278 4195 Rep,
1303 4099 1343 4172 in
1368 4103 1473 4177 Cana·

257 4223 362 4281 nata,
381 4215 418 4266 et
436 4191 566 4267 exteris
583 4195 809 4287 regionibus,
829 4217 1015 4292 antequam
1030 4220 1149 4292 agam,
1175 4195 1339 4268 nonnulla
1357 4197 1402 4269 de
1420 4220 1473 4270 re·

256 4294 408 4372 bellione
434 4312 579 4377 eorum,
618 4304 656 4358 et
683 4291 850 4363 ulteriore
883 4291 1027 4365 excidio
1060 4291 1121 4378 sub
1149 4291 1304 4387 Trajano
1336 4310 1375 4364 et
1400 4294 1473 4365 Ha·

257 4392 398 4469 dtiano,
425 4382 529 4454 instar
552 4381 774 4479 adpendicis,
799 4384 1016 4460 subtexenda
1039 4387 1141 4472 sunt;
1176 4409 1221 4459 eo
1246 4383 1358 4481 magis
1384 4384 1477 4484 quod

255 4510 324 4589 pro
348 4478 536 4579 superioris
559 4477 763 4558 calamitatis
792 4479 1034 4581 consequente
1057 4470 1181 4561 haberi
1208 4480 1336 4580 possit,
1362 4503 1423 4655 equ
1424 4506 1484 4558 ex·

255 4608 266 4635 =
1348 4601 1386 4654 ct
1425 4600 1486 4657 una
