3575 5884
543 926 547 931 ’
620 930 625 939 ’
658 914 813 996 Prrr'odus
838 913 994 1017 Septima.
1052 948 1058 957 ·
1378 938 1454 1017 541·

207 1122 296 1193 tes,
324 1096 394 1176 nec
408 1096 555 1197 pietatis
577 1120 619 1174 ac
632 1099 779 1176 virtutis
801 1100 905 1177 aliam
928 1101 1099 1177 habentes
1115 1103 1303 1188 rationem.
1353 1104 1450 1181 Inte·

205 1224 302 1290 rea,
348 1199 513 1272 Messiam
546 1196 688 1294 quidem
723 1196 973 1295 exspectabant
1007 1224 1150 1292 omnes,
1192 1202 1251 1279 sed
1287 1222 1452 1299 tanquam

210 1318 348 1394 regern
373 1315 581 1383 externum,
607 1314 646 1369 et
672 1297 884 1403 populorum
909 1295 1182 1389 debellatorem,
1205 1323 1280 1373 non
1296 1296 1451 1373 servato·

208 1416 297 1468 rem
318 1390 553 1489 spiritualem,
578 1407 615 1462 et
630 1414 733 1489 regns
748 1393 929 1465 coelorum
946 1392 1194 1485 conditorem,
1220 1394 1304 1493 qui,
1326 1393 1450 1469 obedi·

212 1492 321 1564 entia
337 1489 398 1562 sua
420 1487 463 1561 ad
479 1506 652 1577 mortem,
669 1486 743 1561 Dei
756 1487 951 1584 justitiam,
977 1511 1021 1562 ac
1036 1488 1278 1583 sanctitatem,
1304 1490 1450 1569 illustra·

215 1607 280 1659 ret
308 1602 348 1657 et
373 1584 594 1673 vindicaret,
618 1585 856 1681 mundumque
881 1584 918 1657 ei
941 1585 1215 1677 reconciliaret,
1249 1586 1362 1663 etita
1386 1588 1452 1666 fibi

213 1682 452 1757 credentibus
475 1705 516 1755 ac
540 1680 788 1755 obedientibus
816 1681 929 1757 vitam
957 1700 1134 1756 aeternam
1157 1682 1333 1759 adferret:
1359 1685 1452 1783 quali

215 1778 405 1855 servatore
441 1777 476 1851 se
502 1801 590 1873 opus
612 1800 686 1850 non
712 1777 841 1852 habere
869 1778 1078 1868 censebant,
1111 1802 1191 1852 cunr
1217 1779 1388 1857 sacrificia
1412 1800 1452 1857 et

219 1874 448 1950 lustrationes
476 1871 632 1969 peccatis
656 1871 841 1971 expiandis
872 1892 913 1947 et
939 1872 1159 1971 purgandis,
1200 1894 1237 1949 et
1259 1874 1370 1973 legis,
1411 1878 1452 1955 in

217 1971 348 2072 primis
372 1970 525 2057 ritualrs,
551 1988 699 2046 externa
723 1969 905 2046 observata
930 1970 1048 2045 officia
1076 1968 1172 2053 vitae
1198 1990 1363 2047 aeternae
1391 1998 1450 2049 ac·

212 2067 416 2167 quirendae
449 2064 675 2159 sufficerent,
715 2090 785 2164 quo
812 2065 910 2140 sensu
941 2070 1109 2163 propriant
1137 2068 1301 2164 leguntur
1326 2067 1451 2148 sectati

209 2164 409 2263 justitiam,
450 2161 522 2236 Dei
549 2162 806 2259 susquedeque
839 2161 959 2238 habita
982 2166 1090 2241 Rom.
1116 2164 1180 2239 IX.
1230 2164 1335 2239 Tales
1359 2184 1449 2241 tem·

217 2283 313 2359 pore
339 2258 470 2333 Christi
497 2256 641 2333 fuerunt
666 2258 789 2357 populi
814 2256 943 2350 duces,
986 2260 1063 2335 talis
1096 2260 1204 2335 etiam
1236 2284 1345 2359 grex,
1387 2262 1449 2337 seu

216 2355 396 2455 populus,
427 2358 471 2429 ab
497 2354 542 2429 iis
569 2373 664 2430 totus
690 2354 868 2453 pendens3
903 2354 953 2429 ita
978 2374 1119 2448 tamen,
1161 2375 1300 2433 utnon
1326 2354 1448 2432 delire·

216 2454 320 2541 rint,
345 2450 439 2525 licet·
457 2452 588 2547 exiguo
613 2474 781 2542 numero,
814 2448 941 2527 srnceri
966 2450 1043 2525 Dei·
1064 2453 1238 2545 cultores,
1270 2471 1308 2527 et
1334 2452 1449 2529 virtu-

217 2549 271 2625 tis
295 2545 566 2643 studios1,‚tem
594 2570 695 2621 orum
718 2546 859 2621 suorum
887 2546 1157 2643 corruptionem
1184 2549 1367 2647 lugentes,
1409 2556 1449 2624 e't

216 2643 504 2723 consolationem
539 2573 673 2717 Iliaelis
708 2642 907 2739 promissam
936 2642 1190 2752 'exspeslantes
1208 2668 1231 2735 3*
1260 2646 1377 2743 quales
1408 2644 1457 2729 ,in

215 2740 420 2838 Euangelio
439 2741 659 2815 celebrantur
675 2739 1063 2832 Zacharias,Elrsabet,
1083 2740 1237 2841 Joseph,
1257 2760 1295 2818 et
1304 2739 1449 2837 Maria,

224 2837 390 2924 Simeon,
417 2838 543 2927 Anna,
567 2836 788 2927 Nathanael,
819 2834 891 2912 alii.

269 2932 303 3034 5.
338 2934 495 3010 DXXll.
535 2930 696 3007 Historia
721 2930 933 3029 Judaeorum
968 2930 1007 3005 in
1034 2931 1214 3011 Cananaea
1246 2930 1353 3033 hujus
1383 2958 1448 3034 pe·

214 3028 318 3108 riodi
355 3029 528 3121 absoluta,
571 3027 615 3103 ad
651 3027 919 3126 chronologiam
949 3029 1024 3124 ejus
1054 3028 1334 3105 constituendam
1368 3056 1450 3129 per·

212 3150 347 3298 {llis
364 3124 1090 3319 Pllllfflrltll‘zlflfflltalfrzl
1106 3126 1179 3293 332⁶
1209 3125 1454 3297 ,adstat

214 3318 384 3417 fingunri
408 3317 480 3392 Dei
512 3246 760 3417 gmvidentia,
802 3336 842 3389 ut
866 3314 997 3391 notitia
1030 3242 1107 3389 ved
1140 3314 1212 3389 Dei
1248 3313 1361 3413 magis
1391 3278 1449 3393 in³

214 3414 428 3493 notesceret
456 3415 550 3489 inter
577 3416 734 3504 Gentes,
777 3430 815 3485 et
841 3409 1074 3508 Euangelium
1108 3408 1245 3486 facilius
1269 3428 1446 3515 propaga·

214 3530 345 3600 retnr3
370 3536 451 3585 cunr
466 3511 597 3608 ubique
623 3509 734 3584 elfent
757 3507 905 3607 Judaei,
929 3526 967 3581 et
984 3509 1193 3605 synagogae
1220 3532 1365 3601 eorum,
1392 3510 1446 3585 uti

216 3632 273 3686 cx
294 3606 441 3682 historia
456 3606 670 3704 Euangelica
691 3623 800 3703 patet.
849 3606 1014 3679 Ceterum
1039 3602 1082 3676 de
1102 3603 1314 3699 Judaeorum
1341 3606 1449 3704 copia

216 3727 291 3801 per
316 3706 438 3778 orbern
463 3702 607 3802 egregie
632 3702 788 3791 constat,
830 3723 875 3774 ne
902 3700 966 3774 alia
992 3696 1030 3775 in
1052 3722 1112 3789 re,
1147 3702 1207 3775 vel
1229 3726 1275 3777 ex
1299 3700 1446 3778 historia

214 3800 437 3898 Euangelica
468 3801 548 3875 satis
580 3819 665 3873 nota
683 3854 694 3890 ,
713 3872 717 3883 ,
735 3796 915 3894 proferam
948 3795 1171 3888 testimonia,
1213 3820 1258 3872 ex
1290 3796 1448 3891 Epistola

215 3898 339 3994 Agrip
366 3920 407 3970 ae
431 3897 473 3970 ad
499 3895 640 3993 cajum,
680 3893 770 3992 apud
794 3892 933 3967 Philon.
960 3894 1028 3990 leg.
1057 3891 1107 4002 ad¹
1126 3892 1266 3989 cajum,
1310 3910 1348 3964 et
1372 3892 1446 3992 Jos.

216 3997 261 4068 B.
288 3921 368 4091 Jud.
395 3994 417 4067 l.
443 3996 491 4069 ll.
516 4017 547 4067 c.
577 4015 633 4082 19.
659 4010 696 4063 et
719 3992 814 4087 seq.,
839 4011 908 4065 nec
932 4011 1005 4061 non
1022 3988 1146 4085 Annq.
1171 3990 1191 4063 l.
1218 3986 1321 4061 XIV.
1348 4010 1380 4065 c.
1409 4012 1444 4085 7.

217 4087 284 4164 ubi
309 4088 418 4163 etiam
443 4088 625 4163 Strabonis
651 4090 759 4161 verba
785 4086 945 4181 profert,
979 4083 1104 4181 quibus
1132 4081 1245 4172 dicit,
1280 4082 1370 4157 laud
1380 4084 1448 4181 fa·

219 4190 286 4263 tile
309 4188 416 4260 locum
438 4190 472 4259 in
496 4204 562 4259 toto
591 4190 665 4258 orbe
689 4187 828 4259 inveniri
847 4180 956 4301 pff,
982 4187 1035 4278 qui
1059 4180 1210 4287 Judaeor
1234 4202 1296 4252 non
1319 4202 1448 4277 recepe-

216 4288 325 4358 riter
352 4298 485 4356 teneat:
526 4282 637 4356 ficet
668 4302 832 4378 capro.
866 4298 979 4353 totarn
1010 4275 1127 4351 Anam
1162 4298 1337 4349 minorem
1374 4276 1448 4353 effe

223 4376 275 4463 iis
299 4381 471 4480 repletam
502 4378 631 4471 tradit,
680 4396 718 4453 et
754 4375 942 4567 privilegia
971 4371 1052 4471 ipsis
1080 4368 1242 4447 concessa
1273 4372 1452 4551 recerpsreati

798 4496 858 4568 ll·
