3575 5884
824 667 970 745 Selenia.
1437 687 1482 756 ευ
1486 698 1512 769 5

282 870 364 930 tum
388 849 460 942 est,
501 845 668 925 Antonio
693 845 819 940 fatale,
858 849 958 944 cujus
974 880 976 884 ·
992 850 1126 925 causam
1157 869 1202 925 et
1229 850 1303 951 ipse
1329 857 1506 952 praebuit.

282 951 457 1029 Incitatus
484 948 581 1021 enim
617 946 867 1043 aCleopatra,
908 944 1038 1019 famosa
1073 948 1129 1023 illa
1153 948 1325 1047 AEgypti
1358 948 1508 1048 regina,

277 1072 408 1146 quam,
432 1066 552 1119 amore
571 1043 645 1139 ejus
669 1041 875 1131 fascinatus,
900 1041 1083 1138 repudiata
1103 1041 1271 1139 Odiavia,
1296 1045 1414 1121 sorore
1430 1051 1508 1125 Au·.

239 1230 244 1237 Ι
367 1145 399 1233 “,
425 1139 489 1236 iplr
514 1138 556 1211 ad
577 1162 700 1234 pacem
724 1160 761 1211 et
787 1136 981 1212 amicitiam
1005 1138 1208 1217 firmandam
1226 1140 1304 1216 data
1329 1168 1441 1218 uxore
1460 1136 1508 1223 ab*

282 1237 470 1334 Auguste,
508 1236 654 1309 duxerat
679 1238 716 1307 in
740 1228 942 1331 Assgipm,
983 1236 1259 1335 Monarclraturn
1287 1236 1509 1337 adfcstavit,

278 1336 401 1432 copiis
436 1352 474 1404 et
499 1333 625 1426 opibus
651 1333 855 1428 Cleopatrae
889 1332 980 1404 fisus.
1028 1332 1234 1406 Declaratus
1264 1335 1380 1432 itaque
1408 1336 1459 1411 est
1483 1363 1505 1413 a

278 1434 404 1508 senatu
424 1430 589 1501 Romano
604 1425 733 1517 hostis,
759 1449 796 1500 et
814 1429 856 1500 ab
876 1423 1035 1523 Augusto
1052 1426 1094 1499 ad
1112 1426 1276 1521 llc‘lium,
1301 1432 1399 1526 Epiri
1446 1458 1503 1509 ro·
1608 1470 1616 1489 =

281 1527 526 1612 montorium,
552 1523 688 1613 victus,
715 1524 909 1619 acfugatus
926 1522 1029 1595 estin
1048 1523 1283 1620 Aligyptum,
1316 1529 1376 1601 ubi
1393 1460 1506 1606 Alex:

279 1625 425 1699 andriae
450 1618 618 1708 obsellus,
660 1639 698 1692 ct
723 1619 765 1691 ad
791 1619 919 1692 incitas
952 1616 1130 1707 remeius,
1170 1619 1234 1693 sibi
1262 1620 1326 1717 iplr
1353 1620 1505 1727 mortem¹

282 1717 484 1807 conscivit,
534 1715 622 1788 srcut
655 1735 693 1793 et
725 1713 815 1788 fecit
847 1715 1053 1811 Cleopatra,
1095 1715 1436 1793 circumdutlionem
1464 1722 1512 1829 irr-

280 1815 465 1910 triumpho
490 1830 660 1888 metuens.
708 1810 836 1907 Aquo
866 1831 1028 1907 tempore
1052 1809 1248 1909 Augustus,
1291 1815 1332 1889 in
1363 1820 1505 1893 monam

280 1913 393 1988 chatu
417 1909 661 1998 confirmatus,
695 1906 858 2015 regnavit
886 1931 966 1981 ann.
990 1927 1055 1998 44,
1390 1994 1393 2001 ¹
1483 1912 1500 1927 ⁴

332 2008 366 2109 §.
391 2006 593 2080 DLXXXI.
629 2005 809 2100 Inperrunr
830 1998 998 2098 deinceps
1023 1999 1193 2101 gloriose,
1219 2021 1256 2077 et
1273 2002 1403 2081 summa
1420 2006 1506 2087 cum

281 2102 495 2191 autoritate,
526 2123 568 2172 ac
592 2098 785 2197 potestate,
811 2116 967 2171 attamen
988 2096 1200 2194 prudenter,
1234 2119 1271 2173 et
1297 2100 1368 2176 fine
1393 2102 1502 2200 jacta·

279 2202 408 2289 aione,
434 2197 667 2294 gubernavit,
690 2195 786 2269 fimul
812 2194 955 2292 longius
966 2193 1147 2284 extendit,
1172 2197 1391 2288 Pannonios,
1418 2202 1503 2274 Dal}

284 2317 416 2383 maras,
444 2293 622 2388 illyricos,
640 2311 679 2364 et
696 2292 891 2365 Germanos
908 2289 1076 2386 subjecit,
1103 2288 1232 2387 ubique
1251 2291 1292 2364 in.
1305 2296 1503 2373 bellis'curn'

277 2393 356 2469 illis
379 2388 534 2463 feliciter
564 2409 690 2484 agens,
733 2405 882 2482 excepta
914 2386 1012 2461 clade
1037 2383 1214 2486 Quintilio
1242 2388 1341 2463 Varo
1364 2386 1387 2465 a
1414 2390 1503 2495 Ger}-¹

279 2488 400 2569 manis
434 2482 591 2573 intrata,
632 2481 712 2556 satis
743 2505 885 2578 magna:
927 2482 1019 2557 unde
1051 2483 1231 2579 querulum
1264 2484 1338 2560 e'us
1369 2484 1504 2571 bibiani

283 2606 405 2662 ortum
429 2580 499 2669 est,
528 2582 637 2662 Vere,
663 2582 757 2652 redde
775 2582 925 2673 legiones.
981 2574 1117 2674 Quibus
1138 2578 1331 2675 confedhs,
1383 2584 1413 2674 fr
1437 2574 1500 2665 tria?

283 2678 492 2777 umphavit‚
519 2676 562 2748 de
587 2673 757 2747 Dalmatis
786 2696 823 2747 et
848 2675 1059 2764 Pannoniis,
1085 2672 1129 2747 de
1147 2675 1310 2763 Antonio
1334 2703 1353 2750 a
1384 2677 1504 2761 ''Ans-

278 2805 345 2854 um
374 2774 494 2861 rouo,
521 2790 557 2842 et
573 2771 768 2868 aegypto.
805 2770 885 2867 Janr
912 2756 1509 2877 Templum,s1cuebelliscivilr³,-·

276 2878 349 2950 -bus
374 2869 485 2944 finitis
508 2891 538 2940 a.
564 2869 610 2940 U.
637 2870 675 2939 C.
705 2887 777 2960 725
801 2863 892 2940 teste
910 2866 1031 2940 Dione
1055 2869 1078 2942 l.
1105 2890 1163 2957 51.
1189 2866 1347 2958 fecerat,
1371 2874 1441 2945 iter
1464 2916 1466 2921 -

282 2967 425 3056 clausit,
465 2963 558 3038 bello
590 2961 800 3035 Cantabrico
828 2962 868 3036 in
896 2959 1065 3059 Hispania
1101 2962 1287 3053 conano,
1330 2988 1359 3037 a.
1387 2967 1433 3043 U.

284 3089 380 3162 730,
405 3060 531 3136 eodem
550 3054 678 3132 testel.
694 3080 754 3152 53.
801 3046 1117 3165 Additur‘paffim,
1142 3076 1179 3130 et
1197 3058 1373 3149 creditur,
1403 3081 1481 3141 reete
1505 3110 1507 3117 ·

282 3157 388 3240 fuiffe
415 3154 564 3233 clausum
591 3173 754 3251 tempore
779 3152 871 3227 Nati
896 3151 1044 3240 Christi,
1070 3153 1129 3227 sed
1152 3149 1222 3227 fine
1248 3151 1502 3258 fundamento,

279 3277 323 3332 et
349 3275 474 3330 contra
500 3247 701 3341 historiam,
726 3274 807 3325 curn
833 3268 951 3323 motus
978 3248 1094 3324 bellici
1116 3247 1248 3324 fuerint
1275 3249 1314 3324 in
1329 3254 1501 3336 Armenia

283 3371 410 3430 contra
431 3349 598 3438 Parthos,
629 3368 698 3420 nec
723 3370 797 3421 non
821 3345 862 3419 ad
887 3343 1032 3434 Istrum,
1067 3365 1105 3420 et
1130 3347 1168 3418 in
1192 3345 1324 3423 Arabia
1333 3376 1345 3442 3
1389 3372 1429 3426 ut
1454 3377 1502 3434 ex

255 3446 259 3453 ’
281 3449 406 3528 Dione
433 3445 471 3520 iu
489 3444 662 3540 Excerpt..
684 3442 825 3523 vales..
850 3440 965 3515 Plinio
991 3442 1044 3516 Η.
1066 3443 1118 3516 N.
1143 3442 1165 3516 l.
1192 3442 1261 3520 VI.
1288 3466 1325 3520 et
1341 3444 1500 3545 aliunde,

240 3585 244 3593 .
281 3563 396 3646 patet.
445 3538 532 3617 Vid.
557 3538 698 3615 Mallon
723 3539 774 3613 in.
788 3536 883 3632 Jaao
916 3536 1075 3650 reserato.
1121 3536 1500 3636 Agonem.Aciiacum
1548 3622 1551 3627 ⁴

281 3641 327 3717 ad
351 3661 509 3714 normam
526 3638 667 3746 Olymp.
692 3632 866 3724 instituit,
940 3653 1018 3708 mto
1035 3656 1106 3731 quo
1130 3658 1177 3709 uo
1200 3661 1293 3712 anno
1321 3638 1505 3737 celebrari,-

280 3739 390 3827 dum;
423 3731 628 3808 Provincias
653 3729 747 3804 inter
771 3732 806 3805 se
834 3749 887 3803 et,
923 3748 1064 3805 enatum
1139 3753 1199 3809 ute
1221 3728 1359 3821 divisit,
1385 3733 1436 3809 ita
1460 3759 1501 3833 up

282 3836 440 3911 senatum
466 3825 718 3916 exarmaveris,
743 3845 780 3900 et
802 3827 878 3901 vim
894 3849 1070 3902 armorum
1100 3851 1142 3904 ac
1165 3827 1319 3900 militum
1338 3826 1401 3904 fibi
1419 3833 1499 3923 viu]-

283 3927 478 4014 dicaverit,
512 3924 647 4000 senatui
671 3923 908 4019 pacatioribus
925 3945 1061 4001 tantum
1086 3922 1253 4000 concessis
1278 3925 1503 4026 provinciis,

281 4025 427 4122 reliquis
454 4022 516 4097 libi
543 4019 754 4111 reservatis3
788 4017 943 4121 speciem
969 4036 1107 4119 quoque
1130 4016 1303 4096 libertatis
1324 4045 1366 4096 ac
1387 4024 1496 4124 Reip,

269 4121 427 4220 reliquit
452 4118 617 4223 quidem,
656 4116 761 4216 titulo
785 4142 925 4290 qgoque
952 4116 1086 4221 Quini
1118 4133 1157 4190 et
1179 4113 1287 4214 Regis
1316 4119 1503 4223 recusato,
