3575 5884
1600 987 1624 1025 ι

244 1085 248 1093 ¹
320 1107 321 1110 ¹
383 1058 428 1195 td
717 1109 860 1207 lastaria
887 1108 1117 1210 Ecclefiajlr'ta
1140 1114 1184 1187 V.
1215 1113 1253 1187 T.

380 1292 456 1367 dite
480 1287 674 1366 Relandus:
718 1288 778 1385 qui
804 1309 943 1363 autores
964 1290 1105 1388 legendi
1129 1292 1218 1366 sunt.
1271 1291 1385 1386 Torsts
1416 1316 1504 1368 uero
1529 1318 1605 1373 non

382 1388 453 1479 est,
479 1409 518 1462 ut
542 1385 705 1484 opinatus
730 1385 780 1458 est
805 1386 980 1476 Haedus,
1007 1385 1151 1461 Africae
1174 1413 1234 1462 ora
1253 1391 1513 1480 Occidentalis,
1541 1390 1605 1465 sed

382 1485 563 1559 Tartessus
586 1482 801 1578 Hispaniae,
835 1483 930 1555 circa
954 1483 1069 1556 Baetis
1101 1483 1206 1574 ostia,
1241 1504 1280 1557 ut
1314 1485 1476 1562 Bochart.
1503 1487 1601 1561 Phal.

381 1583 448 1655 lll:
476 1604 508 1675 7.
535 1597 572 1651 et
594 1599 675 1652 ante
701 1603 781 1651 eum
798 1580 944 1651 Bootius
962 1582 1081 1653 Anim.
1109 1584 1142 1652 S.
1170 1582 1237 1654 IV:
1266 1581 1600 1674 7.de1nonstravit,

380 1676 499 1750 saltem
523 1674 703 1771 probabile
728 1672 890 1747 reddidit.
938 1676 1022 1747 Nec
1047 1673 1178 1762 obstat,
1205 1678 1297 1770 quod
1321 1700 1446 1766 naves,
1482 1678 1599 1751 Tarsa·

284 1779 293 1785 ’
380 1773 453 1844 suin
488 1770 731 1863 navigaturae,
774 1769 935 1840 dicantur
971 1771 1136 1844 sshron.
1171 1773 1248 1843 XX:
1277 1795 1333 1867 35.
1368 1772 1530 1847 fabricari
1556 1793 1597 1846 et

379 1866 468 1939 solvi
502 1865 539 1939 in
564 1866 880 1962 Hetsjon-gebare,
923 1863 960 1936 in
993 1865 1078 1938 mari
1097 1866 1232 1940 rubro:
1271 1888 1464 1965 potuerunt
1495 1867 1594 1943 enim

379 1961 463 2035 inde
489 1961 526 2035 in
550 1986 644 2037 mare
667 1960 971 2034 Mediterraneum
989 1961 1163 2034 transvehi
1187 1984 1250 2058 per
1273 1981 1420 2053 terram,
1445 1965 1504 2038 seu
1520 1963 1593 2056 Ni·'¹

378 2058 403 2131 li
429 2058 569 2149 sullam,
595 2059 731 2154 dequo
756 2055 828 2129 vid.
857 2057 1025 2154 Vitringa
1047 2057 1090 2130 ad
1116 2057 1184 2155 Jes.
1210 2059 1302 2148 lll.,
1322 2062 1378 2132 vel
1404 2060 1511 2134 etiam
1524 2081 1592 2154 per

378 2157 560 2230 Oceanum
582 2156 677 2232 cirea
709 2152 867 2230 Africam
900 2152 1084 2251 navigasse.
1134 2153 1239 2258 Quod
1266 2153 1337 2249 jam
1371 2157 1413 2228 ab
1437 2141 1596 2249 antiquis'

377 2253 595 2348 temporibus
620 2248 749 2324 fastum
774 2246 934 2336 videtur,
977 2248 1099 2344 utique
1123 2269 1283 2344 tempore
1299 2250 1486 2324 Pharaonis
1510 2251 1589 2324 Ne·

375 2349 446 2420 eho
473 2347 554 2418 illud
576 2347 647 2439 jam
673 2341 801 2420 fastum
829 2341 951 2430 fuiffe,
977 2344 1083 2415 tradit
1099 2343 1314 2418 Herodotus.

421 2443 452 2542 §-
478 2442 575 2513 XIX.
600 2435 805 2524 AEdificia,
830 2438 1045 2515 aSalomone
1061 2438 1252 2528 exstrusla,
1268 2437 1477 2528 recensebo,
1497 2461 1587 2538 quae

372 2537 418 2611 de
450 2535 524 2630 ejus
556 2532 818 2630 magnificentia
851 2552 888 2605 et
920 2531 1056 2606 divitiis
1089 2534 1283 2622 testantur,
1330 2534 1511 2632 postquam
1541 2535 1590 2609 de

368 2633 619 2728 praeparatione
650 2647 689 2704 et
710 2629 894 2725 artificibus
924 2626 1069 2725 egerim.
1117 2629 1174 2703 Ad
1201 2636 1480 2728 praeparationem
1504 2653 1587 2727 per·

371 2728 484 2818 tinet,
511 2744 667 2812 remote,
693 2723 833 2820 pastum
856 2723 1049 2800 Salomonis
1074 2747 1155 2797 cunr
1181 2724 1365 2817 Chiramo,
1383 2726 1588 2823 ¹Tyriorum

298 2885 302 2894 .
370 2847 476 2918 rege,
503 2819 739 2929 etproxime,
762 2819 938 2988 lignorum
961 2844 1002 2896 ac
1019 2819 1171 2994 lapidum
1195 2819 1378 2908 formati0,
1409 2844 1473 2921 per
1498 2845 1586 2989 ope·

370 2917 500 3006 rarios,
542 2940 579 2996 m
609 2933 767 2992 montem
824 2917 964 2995 ibanum
995 2916 1042 2993 mi
1073 2941 1130 2990 os:
1178 2916 1305 3013 1Reg.
1339 2918 1388 2991 V:
1418 2939 1516 3006 15·-
1545 2940 1588 3001 n.v

370 3015 477 3118 Quod
500 3011 543 3086 ad
577 3015 669 3106 prius
693 3008 849 3101 adtinet,
891 3009 1035 3084 historia
1066 3010 1228 3086 distinete
1253 3010 1382 3102 refert,
1422 3011 1603 3084 ·Salomo-''

368 3133 452 3182 nem
476 3105 641 3183 Chiramo
667 3128 730 3200 per
761 3108 894 3205 legatos
917 3105 1133 3205 propositum
1156 3106 1253 3178 suum
1277 3106 1320 3178 de
1345 3107 1499 3202 Templo
1523 3128 1582 3179 ae·

252 3239 256 3243 ·
368 3202 546 3278 dificando
563 3200 786 3298 significasse,
811 3221 849 3275 et
872 3202 965 3301 ligna
991 3201 1086 3280 caesa
1110 3225 1190 3274 eum
1215 3202 1252 3278 in
1277 3202 1385 3278 finem
1407 3200 1451 3275 de
1475 3200 1583 3276 Liba·

273 3318 277 3325 ·
368 3292 417 3375 ni>
441 3296 600 3395 petiisse,
624 3317 808 3393 antequam
828 3297 1008 3375 Chiramus
1033 3294 1075 3372 ad
1100 3321 1181 3373 eum
1206 3296 1299 3371 misrt
1321 3298 1353 3370 le
1399 3317 1463 3371 tos.
1510 3298 1584 3371 Le·

415 3396 468 3471 tio
491 3392 587 3467 enim
612 3391 787 3481 Chirarni,
814 3392 912 3486 cujus
936 3398 978 3468 ab
995 3391 1185 3483 historico,
1210 3418 1245 3466 v.
1274 3414 1330 3481 15.
1384 3412 1398 3465 t
1421 3392 1582 3483 mentiO,

364 3519 437 3590 Jam
464 3492 501 3564 in
525 3488 631 3569 initio
661 3486 761 3586 regni
787 3488 980 3562 Salomonis
1013 3486 1102 3567 satta
1128 3488 1198 3578 est,
1234 3506 1419 3585 antequam
1440 3489 1581 3566 Salomo‘
1613 3559 1624 3577 s

366 3590 522 3660 animum
545 3585 588 3660 ad
612 3584 803 3681 Templum
824 3584 1076 3661 aedificandum
1097 3582 1284 3680 adplicuit,
1311 3608 1423 3680 eoque
1447 3583 1506 3659 sco
1533 3610 1579 3675 o,

368 3703 408 3756 ut
433 3681 497 3775 ipsa
523 3679 749 3775 gratularetur
773 3680 875 3779 super
902 3705 1033 3778 regno,
1074 3699 1112 3752 et
1135 3678 1311 3753 aurearum
1334 3679 1430 3752 suum
1454 3699 1491 3752 te
1526 3668 1582 3753 'li-¹
1629 3740 1633 3745 .

367 3797 522 3853 caretur:
550 3793 588 3846 ut
606 3798 650 3846 ex
674 3775 748 3870 ipso
767 3794 867 3851 textu
889 3795 1008 3872 patet:
1036 3775 1133 3884 cujus
1149 3773 1329 3871 praemissa
1353 3775 1404 3848 est
1418 3774 1578 3866 menti0,

366 3873 549 3948 occasione
573 3869 675 3964 hujus
698 3871 883 3967 legationis
907 3873 1120 3961 Salomonrs,
1145 3889 1185 3944 ut
1207 3892 1288 3944 eum
1311 3869 1354 3946 ad
1377 3871 1578 3964 Chiramum

365 3990 529 4065 tanquam
552 3965 722 4054 amicum,
765 3965 824 4062 qui
850 3968 933 4043 illud
953 3971 1024 4069 jam
1047 3986 1130 4059 ante
1153 3963 1294 4040 testatus
1317 3987 1410 4057 erat,
1450 3965 1577 4043 missile

365 4069 518 4161 legatos,
551 4060 746 4135 doceretur.
795 4064 946 4159 Legatio
968 4084 1084 4137 autem
1108 4088 1153 4138 eo
1177 4061 1312 4151 tendit,
1345 4083 1385 4138 ut
1409 4061 1577 4136 Chiramo'

365 4159 582 4256 propositum
613 4155 657 4228 de
682 4156 836 4250 Templo
868 4157 1105 4245 aedificando,
1145 4157 1243 4255 quodv
1261 4156 1381 4232 David
1411 4158 1575 4233 sumserat

364 4253 526 4353 quidem,
552 4250 610 4325 sed
633 4270 779 4347 propter
802 4252 888 4325 bella
931 4251 1076 4324 raestare
1101 4275 1173 4324 non
1195 4270 1355 4349 poterat,
1380 4251 1454 4350 ipse
1477 4245 1573 4329 nunc

364 4351 630 4445 exsequeretur,
649 4346 876 4442 fignificaet,
902 4277 998 4422 imul
1015 4370 1120 4443 opem
1136 4350 1231 4435 e'us,
1248 4346 1286 4420 in
1303 4348 1407 4447 lignis
1422 4348 1572 4424 caeden-

364 4448 419 4521 dis
441 4464 477 4517 et
502 4442 691 4539 lapidibus,
717 4461 876 4540 peteret,
902 4467 970 4542 una
994 4467 1076 4518 cum
1099 4441 1292 4522 artificibus
1305 4443 1450 4552 peritis;
1474 4442 1573 4553 quod

361 4540 576 4647 postremum
600 4561 717 4619 amen
740 4537 882 4618 videtur
912 4540 1022 4620 altera
1047 4541 1188 4620 demum
1209 4537 1387 4642 legatione
1410 4538 1571 4640 petiisse:

1531 4653 1582 4719 ll?
