<?xml version="1.0" encoding="UTF-8"?>
<!DOCTYPE html PUBLIC "-//W3C//DTD XHTML 1.0 Transitional//EN"
    "http://www.w3.org/TR/xhtml1/DTD/xhtml1-transitional.dtd">
<html xmlns="http://www.w3.org/1999/xhtml" xml:lang="en" lang="en">
 <head>
  <title>
</title>
<meta http-equiv="Content-Type" content="text/html;charset=utf-8" />
  <meta name='ocr-system' content='tesseract 3.04.00' />
  <meta name='ocr-capabilities' content='ocr_page ocr_carea ocr_par ocr_line ocrx_word'/>
</head>
<body>
  <div class='ocr_page' id='page_1' title='image "./hermannivenemai04venegoog/hermannivenemai04venegoog_0102.png"; bbox 0 0 3575 5884; ppageno 0'>
   <div class='ocr_carea' id='block_1_1' title="bbox 283 1098 1156 1205">
    <p class='ocr_par' dir='ltr' id='par_1_1' title="bbox 283 1098 1156 1205">
     <span class='ocr_line' id='line_1_1' title="bbox 283 1098 1156 1205; baseline 0.006 -30"><span class='ocrx_word' id='word_1_1' title='bbox 283 1098 336 1190; x_wconf 69' lang='lat'><strong>88</strong></span> <span class='ocrx_word' id='word_1_2' title='bbox 620 1099 1021 1205; x_wconf 75' lang='lat' dir='ltr'><strong>IristoriaEcclefiastiaa</strong></span> <span class='ocrx_word' id='word_1_3' title='bbox 1042 1106 1086 1183; x_wconf 89' lang='lat' dir='ltr'><strong>V.</strong></span> <span class='ocrx_word' id='word_1_4' title='bbox 1117 1103 1156 1180; x_wconf 86' lang='lat' dir='ltr'><strong>T.</strong></span> 
     </span>
    </p>
   </div>
   <div class='ocr_carea' id='block_1_2' title="bbox 274 1280 1511 4347">
    <p class='ocr_par' dir='ltr' id='par_1_2' title="bbox 274 1280 1511 4347">
     <span class='ocr_line' id='line_1_2' title="bbox 282 1280 1508 1383; baseline 0.004 -29"><span class='ocrx_word' id='word_1_5' title='bbox 282 1280 371 1357; x_wconf 90' lang='lat' dir='ltr'><strong>sunt·</strong></span> <span class='ocrx_word' id='word_1_6' title='bbox 384 1281 574 1377; x_wconf 74' lang='lat' dir='ltr'><strong>vertenda,</strong></span> <span class='ocrx_word' id='word_1_7' title='bbox 607 1281 799 1358; x_wconf 84' lang='lat' dir='ltr'>inmensam</span> <span class='ocrx_word' id='word_1_8' title='bbox 824 1285 965 1383; x_wconf 90' lang='lat' dir='ltr'><strong>quidem</strong></span> <span class='ocrx_word' id='word_1_9' title='bbox 991 1285 1142 1361; x_wconf 91' lang='lat' dir='ltr'><strong>militum</strong></span> <span class='ocrx_word' id='word_1_10' title='bbox 1176 1285 1314 1360; x_wconf 90' lang='lat' dir='ltr'><strong>suorum</strong></span> <span class='ocrx_word' id='word_1_11' title='bbox 1339 1280 1508 1383; x_wconf 83' lang='lat' dir='ltr'><strong>copiam,</strong></span> 
     </span>
     <span class='ocr_line' id='line_1_3' title="bbox 282 1377 1507 1487; baseline 0.002 -35"><span class='ocrx_word' id='word_1_12' title='bbox 282 1396 322 1465; x_wconf 79' lang='lat' dir='ltr'><strong>et</strong></span> <span class='ocrx_word' id='word_1_13' title='bbox 345 1378 552 1457; x_wconf 81' lang='lat' dir='ltr'>facilitatem</span> <span class='ocrx_word' id='word_1_14' title='bbox 580 1379 825 1487; x_wconf 62' lang='lat' dir='ltr'>occupationis</span> <span class='ocrx_word' id='word_1_15' title='bbox 847 1383 1042 1480; x_wconf 85' lang='lat' dir='ltr'><strong>Samariae,</strong></span> <span class='ocrx_word' id='word_1_16' title='bbox 1084 1383 1108 1457; x_wconf 93' lang='lat' dir='ltr'><strong>si</strong></span> <span class='ocrx_word' id='word_1_17' title='bbox 1159 1380 1275 1473; x_wconf 88' lang='lat' dir='ltr'><strong>ificat,</strong></span> <span class='ocrx_word' id='word_1_18' title='bbox 1316 1381 1377 1456; x_wconf 90' lang='lat' dir='ltr'><strong>sed</strong></span> <span class='ocrx_word' id='word_1_19' title='bbox 1404 1377 1507 1479; x_wconf 80' lang='lat' dir='ltr'><strong>simul</strong></span> 
     </span>
     <span class='ocr_line' id='line_1_4' title="bbox 282 1470 1511 1574; baseline 0.001 -27"><span class='ocrx_word' id='word_1_20' title='bbox 282 1470 452 1564; x_wconf 87' lang='lat' dir='ltr'><strong>insinuat,</strong></span> <span class='ocrx_word' id='word_1_21' title='bbox 475 1477 527 1567; x_wconf 85' lang='lat' dir='ltr'><strong>¹se</strong></span> <span class='ocrx_word' id='word_1_22' title='bbox 559 1499 635 1549; x_wconf 88' lang='lat' dir='ltr'><strong>cam</strong></span> <span class='ocrx_word' id='word_1_23' title='bbox 667 1498 706 1572; x_wconf 90' lang='lat' dir='ltr'><strong>in</strong></span> <span class='ocrx_word' id='word_1_24' title='bbox 737 1479 919 1573; x_wconf 87' lang='lat' dir='ltr'><strong>pulverem</strong></span> <span class='ocrx_word' id='word_1_25' title='bbox 953 1479 1022 1554; x_wconf 79' lang='lat' dir='ltr'><strong>elle</strong></span> <span class='ocrx_word' id='word_1_26' title='bbox 1055 1501 1092 1552; x_wconf 86' lang='lat' dir='ltr'><strong>re</strong></span> <span class='ocrx_word' id='word_1_27' title='bbox 1117 1480 1296 1567; x_wconf 65' lang='lat' dir='ltr'><strong>&#39;cluium,</strong></span> <span class='ocrx_word' id='word_1_28' title='bbox 1336 1495 1374 1550; x_wconf 91' lang='lat' dir='ltr'><strong>et</strong></span> <span class='ocrx_word' id='word_1_29' title='bbox 1397 1479 1511 1574; x_wconf 76' lang='lat' dir='ltr'><strong>plane¹</strong></span> 
     </span>
     <span class='ocr_line' id='line_1_5' title="bbox 281 1569 1435 1666; baseline 0.006 -21"><span class='ocrx_word' id='word_1_30' title='bbox 281 1569 547 1646; x_wconf 75' lang='lat' dir='ltr'><strong>destructurum.</strong></span> <span class='ocrx_word' id='word_1_31' title='bbox 595 1570 683 1647; x_wconf 90' lang='lat' dir='ltr'><strong>Vid.</strong></span> <span class='ocrx_word' id='word_1_32' title='bbox 708 1573 838 1648; x_wconf 85' lang='lat' dir='ltr'><strong>Ezech.</strong></span> <span class='ocrx_word' id='word_1_33' title='bbox 863 1572 1018 1649; x_wconf 87' lang='lat' dir='ltr'>XXVII:</span> <span class='ocrx_word' id='word_1_34' title='bbox 1039 1598 1079 1666; x_wconf 91' lang='lat'><strong>·4.</strong></span> <span class='ocrx_word' id='word_1_35' title='bbox 1429 1574 1435 1583; x_wconf 79' lang='grc'>’</span> 
     </span>
     <span class='ocr_line' id='line_1_6' title="bbox 328 1662 1502 1764; baseline -0.002 -23"><span class='ocrx_word' id='word_1_36' title='bbox 328 1666 360 1763; x_wconf 68' lang='lat' dir='ltr'><strong>l.</strong></span> <span class='ocrx_word' id='word_1_37' title='bbox 386 1669 496 1743; x_wconf 89' lang='lat' dir='ltr'><strong>XCII.</strong></span> <span class='ocrx_word' id='word_1_38' title='bbox 531 1662 573 1740; x_wconf 90' lang='lat' dir='ltr'><strong>Iri</strong></span> <span class='ocrx_word' id='word_1_39' title='bbox 597 1667 836 1764; x_wconf 82' lang='lat' dir='ltr'><strong>expeditionis</strong></span> <span class='ocrx_word' id='word_1_40' title='bbox 869 1671 1067 1744; x_wconf 84' lang='lat' dir='ltr'><strong>narratione</strong></span> <span class='ocrx_word' id='word_1_41' title='bbox 1092 1667 1175 1742; x_wconf 91' lang='lat' dir='ltr'><strong>illud</strong></span> <span class='ocrx_word' id='word_1_42' title='bbox 1212 1692 1243 1743; x_wconf 90' lang='lat' dir='ltr'><strong>i.</strong></span> <span class='ocrx_word' id='word_1_43' title='bbox 1269 1666 1387 1743; x_wconf 84' lang='lat' dir='ltr'><strong>notari</strong></span> <span class='ocrx_word' id='word_1_44' title='bbox 1422 1688 1502 1739; x_wconf 87' lang='lat' dir='ltr'><strong>me·</strong></span> 
     </span>
     <span class='ocr_line' id='line_1_7' title="bbox 282 1761 1501 1859; baseline -0.002 -22"><span class='ocrx_word' id='word_1_45' title='bbox 282 1780 401 1851; x_wconf 84' lang='lat' dir='ltr'><strong>retur,</strong></span> <span class='ocrx_word' id='word_1_46' title='bbox 442 1761 536 1859; x_wconf 87' lang='lat' dir='ltr'><strong>quod</strong></span> <span class='ocrx_word' id='word_1_47' title='bbox 569 1763 651 1836; x_wconf 84' lang='lat' dir='ltr'><strong>Rex</strong></span> <span class='ocrx_word' id='word_1_48' title='bbox 675 1764 860 1839; x_wconf 82' lang='lat' dir='ltr'><strong>Samariam</strong></span> <span class='ocrx_word' id='word_1_49' title='bbox 890 1765 987 1840; x_wconf 72' lang='lat' dir='ltr'><strong>recta</strong></span> <span class='ocrx_word' id='word_1_50' title='bbox 1013 1762 1204 1839; x_wconf 83' lang='lat' dir='ltr'><strong>tetenderit</strong></span> <span class='ocrx_word' id='word_1_51' title='bbox 1237 1782 1274 1837; x_wconf 88' lang='lat' dir='ltr'><strong>et</strong></span> <span class='ocrx_word' id='word_1_52' title='bbox 1297 1761 1501 1849; x_wconf 79' lang='lat' dir='ltr'><strong>obsederit3</strong></span> 
     </span>
     <span class='ocr_line' id='line_1_8' title="bbox 281 1854 1503 1959; baseline -0.002 -26"><span class='ocrx_word' id='word_1_53' title='bbox 281 1879 364 1933; x_wconf 87' lang='lat' dir='ltr'><strong>cuni</strong></span> <span class='ocrx_word' id='word_1_54' title='bbox 386 1856 468 1933; x_wconf 88' lang='lat' dir='ltr'><strong>inde</strong></span> <span class='ocrx_word' id='word_1_55' title='bbox 482 1854 658 1957; x_wconf 83' lang='lat' dir='ltr'><strong>patescat,</strong></span> <span class='ocrx_word' id='word_1_56' title='bbox 683 1883 764 1932; x_wconf 87' lang='lat' dir='ltr'><strong>euni</strong></span> <span class='ocrx_word' id='word_1_57' title='bbox 790 1877 905 1934; x_wconf 90' lang='lat' dir='ltr'><strong>totum</strong></span> <span class='ocrx_word' id='word_1_58' title='bbox 929 1884 1076 1959; x_wconf 83' lang='lat' dir='ltr'><strong>regnum</strong></span> <span class='ocrx_word' id='word_1_59' title='bbox 1094 1857 1343 1949; x_wconf 85' lang='lat' dir='ltr'><strong>Israeliticum,</strong></span> <span class='ocrx_word' id='word_1_60' title='bbox 1367 1880 1503 1955; x_wconf 87' lang='lat' dir='ltr'><strong>excep·</strong></span> 
     </span>
     <span class='ocr_line' id='line_1_9' title="bbox 281 1952 1504 2053; baseline 0 -26"><span class='ocrx_word' id='word_1_61' title='bbox 281 1969 319 2027; x_wconf 87' lang='lat' dir='ltr'><strong>ta</strong></span> <span class='ocrx_word' id='word_1_62' title='bbox 341 1954 480 2028; x_wconf 91' lang='lat' dir='ltr'><strong>urbere</strong></span> <span class='ocrx_word' id='word_1_63' title='bbox 506 1954 540 2028; x_wconf 89' lang='lat' dir='ltr'><strong>ia</strong></span> <span class='ocrx_word' id='word_1_64' title='bbox 589 1953 744 2029; x_wconf 76' lang='lat' dir='ltr'><strong>habuisse</strong></span> <span class='ocrx_word' id='word_1_65' title='bbox 767 1955 825 2028; x_wconf 89' lang='lat' dir='ltr'><strong>vel</strong></span> <span class='ocrx_word' id='word_1_66' title='bbox 841 1954 1052 2053; x_wconf 65' lang='lat' dir='ltr'><strong>subjectum,</strong></span> <span class='ocrx_word' id='word_1_67' title='bbox 1077 1955 1136 2028; x_wconf 92' lang='lat' dir='ltr'><strong>vel</strong></span> <span class='ocrx_word' id='word_1_68' title='bbox 1158 1973 1257 2029; x_wconf 87' lang='lat' dir='ltr'><strong>metu</strong></span> <span class='ocrx_word' id='word_1_69' title='bbox 1279 1952 1504 2051; x_wconf 81' lang='lat' dir='ltr'><strong>perculimn,</strong></span> 
     </span>
     <span class='ocr_line' id='line_1_10' title="bbox 281 1978 1503 2159; baseline 0 -38"><span class='ocrx_word' id='word_1_70' title='bbox 281 2048 387 2159; x_wconf 76' lang='lat' dir='ltr'><strong>itaut</strong></span> <span class='ocrx_word' id='word_1_71' title='bbox 405 1978 613 2145; x_wconf 69' lang='lat' dir='ltr'><strong>nihileliet,</strong></span> <span class='ocrx_word' id='word_1_72' title='bbox 638 2048 926 2150; x_wconf 73' lang='lat' dir='ltr'><strong>quod&#39;r&#39;csil&#39;tcre,</strong></span> <span class='ocrx_word' id='word_1_73' title='bbox 949 2073 1008 2127; x_wconf 91' lang='lat' dir='ltr'><strong>aut</strong></span> <span class='ocrx_word' id='word_1_74' title='bbox 1025 2073 1157 2125; x_wconf 91' lang='lat' dir='ltr'><strong>moram</strong></span> <span class='ocrx_word' id='word_1_75' title='bbox 1175 2049 1345 2158; x_wconf 71' lang='lat' dir='ltr'><strong>injicere,</strong></span> <span class='ocrx_word' id='word_1_76' title='bbox 1367 2050 1503 2159; x_wconf 38' lang='lat' dir='ltr'><strong>potue-³</strong></span> 
     </span>
     <span class='ocr_line' id='line_1_11' title="bbox 280 2144 1504 2311; baseline -0.002 -93"><span class='ocrx_word' id='word_1_77' title='bbox 280 2163 340 2231; x_wconf 77' lang='lat' dir='ltr'><strong>iit.</strong></span> <span class='ocrx_word' id='word_1_78' title='bbox 366 2147 442 2231; x_wconf 80' lang='lat' dir='ltr'><strong>¹Ex</strong></span> <span class='ocrx_word' id='word_1_79' title='bbox 465 2171 534 2244; x_wconf 92' lang='lat' dir='ltr'><strong>quo</strong></span> <span class='ocrx_word' id='word_1_80' title='bbox 566 2146 611 2225; x_wconf 91' lang='lat' dir='ltr'><strong>dc</strong></span> <span class='ocrx_word' id='word_1_81' title='bbox 637 2145 822 2247; x_wconf 71' lang='lat' dir='ltr'><strong>miserabili</strong></span> <span class='ocrx_word' id='word_1_82' title='bbox 854 2145 944 2249; x_wconf 87' lang='lat' dir='ltr'><strong>statu</strong></span> <span class='ocrx_word' id='word_1_83' title='bbox 968 2146 1199 2225; x_wconf 81' lang='lat' dir='ltr'><strong>israelitarum</strong></span> <span class='ocrx_word' id='word_1_84' title='bbox 1224 2144 1327 2220; x_wconf 87' lang='lat' dir='ltr'><strong>facile</strong></span> <span class='ocrx_word' id='word_1_85' title='bbox 1361 2144 1504 2311; x_wconf 53' lang='grc' dir='ltr'><strong>εοΙΙιῗι·</strong></span> 
     </span>
     <span class='ocr_line' id='line_1_12' title="bbox 283 2234 1504 2343; baseline -0.002 -28"><span class='ocrx_word' id='word_1_86' title='bbox 283 2258 351 2317; x_wconf 86' lang='lat' dir='ltr'><strong>tur.</strong></span> <span class='ocrx_word' id='word_1_87' title='bbox 400 2264 433 2317; x_wconf 86' lang='lat'><strong>2.</strong></span> <span class='ocrx_word' id='word_1_88' title='bbox 458 2243 692 2341; x_wconf 83' lang='lat' dir='ltr'><strong>Legationem</strong></span> <span class='ocrx_word' id='word_1_89' title='bbox 719 2234 976 2340; x_wconf 79' lang='lat' dir='ltr'><strong>oppugnationi</strong></span> <span class='ocrx_word' id='word_1_90' title='bbox 999 2240 1217 2343; x_wconf 82' lang='lat' dir='ltr'><strong>praemill&#39;am</strong></span> <span class='ocrx_word' id='word_1_91' title='bbox 1240 2239 1285 2315; x_wconf 90' lang='lat' dir='ltr'><strong>ad</strong></span> <span class='ocrx_word' id='word_1_92' title='bbox 1308 2260 1431 2339; x_wconf 84' lang='lat' dir='ltr'><strong>regem</strong></span> <span class='ocrx_word' id='word_1_93' title='bbox 1469 2238 1504 2339; x_wconf 59' lang='grc' dir='ltr'><strong>[ἦ</strong></span> 
     </span>
     <span class='ocr_line' id='line_1_13' title="bbox 280 2330 1508 2436; baseline 0.003 -25"><span class='ocrx_word' id='word_1_94' title='bbox 280 2336 402 2426; x_wconf 76' lang='lat' dir='ltr'><strong>caelis,</strong></span> <span class='ocrx_word' id='word_1_95' title='bbox 429 2360 501 2409; x_wconf 89' lang='lat' dir='ltr'><strong>non</strong></span> <span class='ocrx_word' id='word_1_96' title='bbox 528 2361 573 2411; x_wconf 86' lang='lat' dir='ltr'><strong>eii</strong></span> <span class='ocrx_word' id='word_1_97' title='bbox 588 2330 706 2411; x_wconf 86' lang='lat' dir='ltr'><strong>animo</strong></span> <span class='ocrx_word' id='word_1_98' title='bbox 732 2336 828 2433; x_wconf 88' lang='lat' dir='ltr'><strong>pacis</strong></span> <span class='ocrx_word' id='word_1_99' title='bbox 842 2335 1006 2436; x_wconf 28' lang='lat' dir='ltr'><strong>,studioso</strong></span> <span class='ocrx_word' id='word_1_100' title='bbox 1032 2337 1191 2428; x_wconf 85' lang='lat' dir='ltr'><strong>fluxille,</strong></span> <span class='ocrx_word' id='word_1_101' title='bbox 1215 2334 1275 2411; x_wconf 88' lang='lat' dir='ltr'><strong>sed</strong></span> <span class='ocrx_word' id='word_1_102' title='bbox 1297 2359 1342 2409; x_wconf 92' lang='lat' dir='ltr'><strong>eo</strong></span> <span class='ocrx_word' id='word_1_103' title='bbox 1360 2344 1508 2415; x_wconf 78' lang='lat' dir='ltr'><strong>tanmm&#39;</strong></span> 
     </span>
     <span class='ocr_line' id='line_1_14' title="bbox 280 2427 1504 2542; baseline -0.002 -36"><span class='ocrx_word' id='word_1_104' title='bbox 280 2430 498 2523; x_wconf 81' lang='lat' dir='ltr'><strong>collinealle,</strong></span> <span class='ocrx_word' id='word_1_105' title='bbox 531 2450 571 2504; x_wconf 93' lang='lat' dir='ltr'><strong>ut</strong></span> <span class='ocrx_word' id='word_1_106' title='bbox 595 2432 728 2531; x_wconf 81' lang='lat' dir='ltr'><strong>regiam</strong></span> <span class='ocrx_word' id='word_1_107' title='bbox 753 2429 936 2507; x_wconf 87' lang='lat' dir='ltr'><strong>civitatem</strong></span> <span class='ocrx_word' id='word_1_108' title='bbox 957 2432 1020 2517; x_wconf 78' lang='lat' dir='ltr'><strong>sub</strong></span> <span class='ocrx_word' id='word_1_109' title='bbox 1053 2431 1165 2542; x_wconf 82' lang='lat' dir='ltr'><strong>aliqua</strong></span> <span class='ocrx_word' id='word_1_110' title='bbox 1185 2428 1274 2530; x_wconf 85' lang='lat' dir='ltr'><strong>juris</strong></span> <span class='ocrx_word' id='word_1_111' title='bbox 1299 2430 1418 2531; x_wconf 80' lang='lat' dir='ltr'><strong>specie</strong></span> <span class='ocrx_word' id='word_1_112' title='bbox 1440 2427 1504 2504; x_wconf 85' lang='lat' dir='ltr'><strong>in·</strong></span> 
     </span>
     <span class='ocr_line' id='line_1_15' title="bbox 279 2522 1506 2638; baseline 0.003 -40"><span class='ocrx_word' id='word_1_113' title='bbox 279 2522 431 2615; x_wconf 76' lang='lat' dir='ltr'><strong>padendi</strong></span> <span class='ocrx_word' id='word_1_114' title='bbox 455 2526 590 2601; x_wconf 80' lang='lat' dir='ltr'><strong>occasio</strong></span> <span class='ocrx_word' id='word_1_115' title='bbox 621 2526 839 2619; x_wconf 84' lang='lat' dir='ltr'><strong>nasceretur,</strong></span> <span class='ocrx_word' id='word_1_116' title='bbox 873 2551 920 2602; x_wconf 85' lang='lat' dir='ltr'><strong>ex</strong></span> <span class='ocrx_word' id='word_1_117' title='bbox 936 2526 1219 2627; x_wconf 71' lang='lat' dir='ltr'><strong>,intolerabilibus</strong></span> <span class='ocrx_word' id='word_1_118' title='bbox 1249 2526 1323 2638; x_wconf 81' lang='lat' dir='ltr'><strong>ejus</strong></span> <span class='ocrx_word' id='word_1_119' title='bbox 1346 2522 1506 2627; x_wconf 52' lang='lat' dir='ltr'><strong>postula?</strong></span> 
     </span>
     <span class='ocr_line' id='line_1_16' title="bbox 279 2618 1504 2723; baseline 0.007 -31"><span class='ocrx_word' id='word_1_120' title='bbox 279 2620 326 2711; x_wconf 74' lang='lat' dir='ltr'><strong>tis</strong></span> <span class='ocrx_word' id='word_1_121' title='bbox 359 2619 460 2721; x_wconf 77' lang='lat' dir='ltr'><strong>facile</strong></span> <span class='ocrx_word' id='word_1_122' title='bbox 485 2618 668 2719; x_wconf 22' lang='lat' dir='ltr'><strong>,eluces-cit.</strong></span> <span class='ocrx_word' id='word_1_123' title='bbox 715 2622 827 2698; x_wconf 82' lang='lat' dir='ltr'><strong>Priore</strong></span> <span class='ocrx_word' id='word_1_124' title='bbox 859 2623 941 2699; x_wconf 90' lang='lat' dir='ltr'><strong>vice</strong></span> <span class='ocrx_word' id='word_1_125' title='bbox 974 2647 1040 2723; x_wconf 87' lang='lat' dir='ltr'><strong>per</strong></span> <span class='ocrx_word' id='word_1_126' title='bbox 1080 2626 1213 2721; x_wconf 83' lang='lat' dir='ltr'><strong>legatos</strong></span> <span class='ocrx_word' id='word_1_127' title='bbox 1247 2622 1362 2714; x_wconf 80' lang='lat' dir='ltr'><strong>dixit,</strong></span> <span class='ocrx_word' id='word_1_128' title='bbox 1395 2620 1504 2719; x_wconf 70' lang='lat' dir='ltr'><strong>fuam</strong></span> 
     </span>
     <span class='ocr_line' id='line_1_17' title="bbox 278 2714 1502 2825; baseline 0.001 -33"><span class='ocrx_word' id='word_1_129' title='bbox 278 2714 349 2792; x_wconf 82' lang='lat' dir='ltr'><strong>effe</strong></span> <span class='ocrx_word' id='word_1_130' title='bbox 373 2717 455 2815; x_wconf 88' lang='lat' dir='ltr'><strong>quic</strong></span> <span class='ocrx_word' id='word_1_131' title='bbox 479 2716 539 2793; x_wconf 91' lang='lat' dir='ltr'><strong>uid</strong></span> <span class='ocrx_word' id='word_1_132' title='bbox 555 2718 650 2810; x_wconf 88' lang='lat' dir='ltr'><strong>auri,</strong></span> <span class='ocrx_word' id='word_1_133' title='bbox 675 2716 834 2819; x_wconf 80' lang='lat' dir='ltr'><strong>argenti,</strong></span> <span class='ocrx_word' id='word_1_134' title='bbox 860 2722 1011 2809; x_wconf 83' lang='lat' dir='ltr'><strong>uxorum</strong></span> <span class='ocrx_word' id='word_1_135' title='bbox 1035 2722 1072 2794; x_wconf 89' lang='lat' dir='ltr'><strong>et</strong></span> <span class='ocrx_word' id='word_1_136' title='bbox 1087 2720 1242 2793; x_wconf 84' lang='lat' dir='ltr'><strong>filiorum</strong></span> <span class='ocrx_word' id='word_1_137' title='bbox 1265 2717 1502 2825; x_wconf 77' lang='lat' dir='ltr'><strong>pulchrorum</strong></span> 
     </span>
     <span class='ocr_line' id='line_1_18' title="bbox 279 2741 1502 2924; baseline 0.003 -35"><span class='ocrx_word' id='word_1_138' title='bbox 279 2812 429 2891; x_wconf 85' lang='lat' dir='ltr'><strong>habebat</strong></span> <span class='ocrx_word' id='word_1_139' title='bbox 453 2741 637 2905; x_wconf 73' lang='lat' dir='ltr'><strong>lenibus,</strong></span> <span class='ocrx_word' id='word_1_140' title='bbox 663 2833 703 2909; x_wconf 77' lang='lat' dir='ltr'><strong>ut</strong></span> <span class='ocrx_word' id='word_1_141' title='bbox 725 2811 799 2895; x_wconf 83' lang='lat' dir='ltr'><strong>five</strong></span> <span class='ocrx_word' id='word_1_142' title='bbox 815 2818 906 2924; x_wconf 82' lang='lat' dir='ltr'><strong>jurii</strong></span> <span class='ocrx_word' id='word_1_143' title='bbox 931 2812 1182 2893; x_wconf 80' lang='lat' dir='ltr'><strong>conlclhonem</strong></span> <span class='ocrx_word' id='word_1_144' title='bbox 1199 2808 1347 2890; x_wconf 85' lang='lat' dir='ltr'><strong>Achabo</strong></span> <span class='ocrx_word' id='word_1_145' title='bbox 1372 2831 1502 2893; x_wconf 56' lang='lat' dir='ltr'><strong>extorae</strong></span> 
     </span>
     <span class='ocr_line' id='line_1_19' title="bbox 278 2908 1505 3009; baseline 0.003 -28"><span class='ocrx_word' id='word_1_146' title='bbox 278 2928 402 3004; x_wconf 85' lang='lat' dir='ltr'><strong>queat,</strong></span> <span class='ocrx_word' id='word_1_147' title='bbox 428 2908 500 2983; x_wconf 86' lang='lat' dir='ltr'><strong>sive</strong></span> <span class='ocrx_word' id='word_1_148' title='bbox 523 2912 682 2992; x_wconf 71' lang='lat' dir='ltr'><strong>altaalem</strong></span> <span class='ocrx_word' id='word_1_149' title='bbox 707 2908 933 2990; x_wconf 77' lang='lat' dir='ltr'><strong>traditionem</strong></span> <span class='ocrx_word' id='word_1_150' title='bbox 985 2910 1122 2998; x_wconf 88' lang='lat' dir='ltr'><strong>ostulet.</strong></span> <span class='ocrx_word' id='word_1_151' title='bbox 1170 2912 1278 2983; x_wconf 79' lang='lat' dir='ltr'><strong>Porte</strong></span> <span class='ocrx_word' id='word_1_152' title='bbox 1305 2930 1505 3009; x_wconf 83' lang='lat' dir='ltr'><strong>utrumque</strong></span> 
     </span>
     <span class='ocr_line' id='line_1_20' title="bbox 278 2938 1500 3114; baseline 0.002 -38"><span class='ocrx_word' id='word_1_153' title='bbox 278 3002 433 3114; x_wconf 77' lang='lat' dir='ltr'><strong>intendit</strong></span> <span class='ocrx_word' id='word_1_154' title='bbox 457 3004 680 3096; x_wconf 84' lang='lat' dir='ltr'><strong>Benhadad,</strong></span> <span class='ocrx_word' id='word_1_155' title='bbox 706 3003 903 3114; x_wconf 80' lang='lat' dir='ltr'><strong>insignum</strong></span> <span class='ocrx_word' id='word_1_156' title='bbox 952 2938 1140 3088; x_wconf 61' lang='lat' dir='ltr'><strong>linitione</strong></span> <span class='ocrx_word' id='word_1_157' title='bbox 1170 3003 1414 3114; x_wconf 68' lang='lat' dir='ltr'><strong>subjectionis,</strong></span> <span class='ocrx_word' id='word_1_158' title='bbox 1446 3024 1500 3083; x_wconf 86' lang='lat' dir='ltr'><strong>¹et</strong></span> 
     </span>
     <span class='ocr_line' id='line_1_21' title="bbox 276 3095 1501 3198; baseline 0 -23"><span class='ocrx_word' id='word_1_159' title='bbox 276 3095 324 3189; x_wconf 74' lang='lat' dir='ltr'><strong>ad</strong></span> <span class='ocrx_word' id='word_1_160' title='bbox 338 3099 575 3183; x_wconf 86' lang='lat' dir='ltr'><strong>redimendam</strong></span> <span class='ocrx_word' id='word_1_161' title='bbox 599 3101 745 3176; x_wconf 89' lang='lat' dir='ltr'><strong>totalem</strong></span> <span class='ocrx_word' id='word_1_162' title='bbox 769 3099 1077 3198; x_wconf 67' lang='lat' dir='ltr'><strong>exstirpationem</strong></span> <span class='ocrx_word' id='word_1_163' title='bbox 1103 3124 1171 3178; x_wconf 88' lang='lat' dir='ltr'><strong>nec</strong></span> <span class='ocrx_word' id='word_1_164' title='bbox 1193 3100 1294 3178; x_wconf 85' lang='lat' dir='ltr'><strong>aliter</strong></span> <span class='ocrx_word' id='word_1_165' title='bbox 1320 3098 1501 3178; x_wconf 82' lang='lat' dir='ltr'><strong>intellexit</strong></span> 
     </span>
     <span class='ocr_line' id='line_1_22' title="bbox 278 3192 1505 3293; baseline 0.002 -22"><span class='ocrx_word' id='word_1_166' title='bbox 278 3192 365 3271; x_wconf 84' lang='lat' dir='ltr'><strong>Reii</strong></span> <span class='ocrx_word' id='word_1_167' title='bbox 386 3195 546 3293; x_wconf 79' lang='lat' dir='ltr'><strong>Israelis,</strong></span> <span class='ocrx_word' id='word_1_168' title='bbox 564 3219 663 3285; x_wconf 58' lang='lat' dir='ltr'><strong>‚cum</strong></span> <span class='ocrx_word' id='word_1_169' title='bbox 687 3196 738 3277; x_wconf 73' lang='lat' dir='ltr'><strong>se‘</strong></span> <span class='ocrx_word' id='word_1_170' title='bbox 755 3200 973 3283; x_wconf 74' lang='lat' dir='ltr'><strong>traditarum,</strong></span> <span class='ocrx_word' id='word_1_171' title='bbox 999 3195 1133 3275; x_wconf 86' lang='lat' dir='ltr'><strong>iomisit</strong></span> <span class='ocrx_word' id='word_1_172' title='bbox 1165 3222 1200 3271; x_wconf 87' lang='lat' dir='ltr'><strong>v.</strong></span> <span class='ocrx_word' id='word_1_173' title='bbox 1227 3219 1263 3292; x_wconf 83' lang='lat'><strong>7,</strong></span> <span class='ocrx_word' id='word_1_174' title='bbox 1291 3204 1323 3277; x_wconf 83' lang='grc'><strong>8.</strong></span> <span class='ocrx_word' id='word_1_175' title='bbox 1377 3196 1505 3278; x_wconf 74' lang='lat' dir='ltr'><strong>Altera</strong></span> 
     </span>
     <span class='ocr_line' id='line_1_23' title="bbox 279 3222 1498 3393; baseline 0 -27"><span class='ocrx_word' id='word_1_176' title='bbox 279 3289 362 3373; x_wconf 84' lang='lat' dir='ltr'><strong>vice</strong></span> <span class='ocrx_word' id='word_1_177' title='bbox 384 3290 520 3381; x_wconf 71' lang='lat' dir='ltr'><strong>poluit,</strong></span> <span class='ocrx_word' id='word_1_178' title='bbox 546 3310 586 3373; x_wconf 88' lang='lat' dir='ltr'><strong>ut</strong></span> <span class='ocrx_word' id='word_1_179' title='bbox 609 3289 776 3393; x_wconf 88' lang='lat' dir='ltr'><strong>ministris</strong></span> <span class='ocrx_word' id='word_1_180' title='bbox 797 3222 1070 3370; x_wconf 78' lang='lat' dir='ltr'><strong>licentia&#39;rleuu</strong></span> <span class='ocrx_word' id='word_1_181' title='bbox 1092 3292 1205 3369; x_wconf 88' lang='lat' dir='ltr'><strong>aulam</strong></span> <span class='ocrx_word' id='word_1_182' title='bbox 1226 3291 1342 3387; x_wconf 86' lang='lat' dir='ltr'><strong>regis,</strong></span> <span class='ocrx_word' id='word_1_183' title='bbox 1367 3311 1412 3387; x_wconf 85' lang='lat' dir='ltr'><strong>et</strong></span> <span class='ocrx_word' id='word_1_184' title='bbox 1428 3296 1498 3366; x_wconf 81' lang='lat' dir='ltr'><strong>aa·</strong></span> 
     </span>
     <span class='ocr_line' id='line_1_24' title="bbox 278 3384 1501 3499; baseline 0.001 -39"><span class='ocrx_word' id='word_1_185' title='bbox 278 3384 412 3463; x_wconf 82' lang='lat' dir='ltr'><strong>licarain</strong></span> <span class='ocrx_word' id='word_1_186' title='bbox 437 3387 581 3479; x_wconf 77' lang='lat' dir='ltr'><strong>domos,</strong></span> <span class='ocrx_word' id='word_1_187' title='bbox 602 3384 888 3499; x_wconf 82' lang='lat' dir='ltr'><strong>pervestigandi,</strong></span> <span class='ocrx_word' id='word_1_188' title='bbox 923 3386 1014 3488; x_wconf 94' lang='lat' dir='ltr'><strong>(non</strong></span> <span class='ocrx_word' id='word_1_189' title='bbox 1039 3386 1317 3467; x_wconf 85' lang='lat' dir='ltr'><strong>enim.omniiim</strong></span> <span class='ocrx_word' id='word_1_190' title='bbox 1341 3384 1501 3469; x_wconf 80' lang='lat' dir='ltr'><strong>intendit</strong></span> 
     </span>
     <span class='ocr_line' id='line_1_25' title="bbox 279 3478 1500 3584; baseline 0.001 -26"><span class='ocrx_word' id='word_1_191' title='bbox 279 3478 472 3578; x_wconf 83' lang='lat' dir='ltr'><strong>incolarum</strong></span> <span class='ocrx_word' id='word_1_192' title='bbox 497 3489 669 3584; x_wconf 76' lang='lat' dir='ltr'><strong>Sarranae</strong></span> <span class='ocrx_word' id='word_1_193' title='bbox 691 3480 815 3558; x_wconf 85' lang='lat' dir='ltr'><strong>domos</strong></span> <span class='ocrx_word' id='word_1_194' title='bbox 825 3482 842 3573; x_wconf 76' lang='lat'><strong>,&#39;</strong></span> <span class='ocrx_word' id='word_1_195' title='bbox 861 3484 943 3563; x_wconf 78' lang='lat' dir='ltr'><strong>cnm</strong></span> <span class='ocrx_word' id='word_1_196' title='bbox 959 3486 1129 3583; x_wconf 67' lang='lat' dir='ltr'><strong>scrivarum</strong></span> <span class='ocrx_word' id='word_1_197' title='bbox 1145 3484 1219 3579; x_wconf 80' lang='lat' dir='ltr'><strong>ejus</strong></span> <span class='ocrx_word' id='word_1_198' title='bbox 1243 3481 1428 3572; x_wconf 89' lang='lat' dir='ltr'><strong>meminit,</strong></span> <span class='ocrx_word' id='word_1_199' title='bbox 1455 3500 1500 3565; x_wconf 81' lang='lat' dir='ltr'><strong>ut</strong></span> 
     </span>
     <span class='ocr_line' id='line_1_26' title="bbox 278 3576 1497 3755; baseline 0.003 -103"><span class='ocrx_word' id='word_1_200' title='bbox 278 3599 442 3745; x_wconf 37' lang='lat' dir='ltr'><strong>pgtatub</strong></span> <span class='ocrx_word' id='word_1_201' title='bbox 467 3580 754 3747; x_wconf 53' lang='lat' dir='ltr'><strong>paeldauficomffi</strong></span> <span class='ocrx_word' id='word_1_202' title='bbox 780 3601 826 3687; x_wconf 73' lang='lat' dir='ltr'><strong>ep</strong></span> <span class='ocrx_word' id='word_1_203' title='bbox 843 3577 1164 3755; x_wconf 44' lang='lat' dir='ltr'><strong>agmine‘insipsniri</strong></span> <span class='ocrx_word' id='word_1_204' title='bbox 1183 3578 1417 3747; x_wconf 85' lang='lat' dir='ltr'><strong>solitorum,d</strong></span> <span class='ocrx_word' id='word_1_205' title='bbox 1434 3576 1497 3687; x_wconf 82' lang='lat' dir='ltr'><strong>uia</strong></span> 
     </span>
     <span class='ocr_line' id='line_1_27' title="bbox 276 3673 1498 3882; baseline 0.002 -42"><span class='ocrx_word' id='word_1_206' title='bbox 276 3697 314 3852; x_wconf 65' lang='lat' dir='ltr'><strong>ie</strong></span> <span class='ocrx_word' id='word_1_207' title='bbox 340 3694 692 3877; x_wconf 46' lang='lat' dir='ltr'><strong>illiberalia&amp;</strong></span> <span class='ocrx_word' id='word_1_208' title='bbox 708 3673 1353 3882; x_wconf 46' lang='lat' dir='ltr'><strong>,lille,habdallae</strong></span> <span class='ocrx_word' id='word_1_209' title='bbox 1368 3693 1498 3867; x_wconf 65' lang='lat' dir='ltr'><strong>inpii</strong></span> 
     </span>
     <span class='ocr_line' id='line_1_28' title="bbox 277 3862 1499 3965; baseline 0.001 -24"><span class='ocrx_word' id='word_1_210' title='bbox 277 3863 373 3944; x_wconf 86' lang='lat' dir='ltr'><strong>endi.</strong></span> <span class='ocrx_word' id='word_1_211' title='bbox 421 3864 538 3939; x_wconf 87' lang='lat' dir='ltr'><strong>Antea</strong></span> <span class='ocrx_word' id='word_1_212' title='bbox 555 3882 690 3941; x_wconf 88' lang='lat' dir='ltr'><strong>tantum</strong></span> <span class='ocrx_word' id='word_1_213' title='bbox 708 3868 864 3955; x_wconf 79' lang='lat' dir='ltr'><strong>dixerat,</strong></span> <span class='ocrx_word' id='word_1_214' title='bbox 890 3886 930 3947; x_wconf 89' lang='lat' dir='ltr'><strong>ut</strong></span> <span class='ocrx_word' id='word_1_215' title='bbox 944 3865 1019 3965; x_wconf 90' lang='lat' dir='ltr'><strong>ipse</strong></span> <span class='ocrx_word' id='word_1_216' title='bbox 1035 3865 1160 3944; x_wconf 85' lang='lat' dir='ltr'><strong>Achab</strong></span> <span class='ocrx_word' id='word_1_217' title='bbox 1177 3863 1296 3956; x_wconf 87' lang='lat' dir='ltr'><strong>daret,</strong></span> <span class='ocrx_word' id='word_1_218' title='bbox 1321 3862 1379 3942; x_wconf 91' lang='lat' dir='ltr'><strong>sed</strong></span> <span class='ocrx_word' id='word_1_219' title='bbox 1396 3886 1499 3942; x_wconf 87' lang='lat' dir='ltr'><strong>nunc.</strong></span> 
     </span>
     <span class='ocr_line' id='line_1_29' title="bbox 278 3956 1498 4061; baseline 0.002 -26"><span class='ocrx_word' id='word_1_220' title='bbox 278 3956 553 4061; x_wconf 77' lang='lat' dir='ltr'><strong>iarifllgati&#39;anam</strong></span> <span class='ocrx_word' id='word_1_221' title='bbox 575 3984 640 4057; x_wconf 86' lang='lat' dir='ltr'><strong>per</strong></span> <span class='ocrx_word' id='word_1_222' title='bbox 663 3960 840 4044; x_wconf 78' lang='lat' dir='ltr'><strong>miniſtros</strong></span> <span class='ocrx_word' id='word_1_223' title='bbox 874 3961 952 4039; x_wconf 77' lang='lat' dir='ltr'><strong>suot</strong></span> <span class='ocrx_word' id='word_1_224' title='bbox 977 3960 1147 4061; x_wconf 84' lang='lat' dir='ltr'><strong>postulat,</strong></span> <span class='ocrx_word' id='word_1_225' title='bbox 1189 3984 1270 4041; x_wconf 90' lang='lat' dir='ltr'><strong>cum</strong></span> <span class='ocrx_word' id='word_1_226' title='bbox 1293 3980 1332 4035; x_wconf 88' lang='lat' dir='ltr'><strong>ut</strong></span> <span class='ocrx_word' id='word_1_227' title='bbox 1356 3958 1498 4040; x_wconf 76' lang='lat' dir='ltr'><strong>fraudes</strong></span> 
     </span>
     <span class='ocr_line' id='line_1_30' title="bbox 276 4043 1494 4157; baseline 0.004 -28"><span class='ocrx_word' id='word_1_228' title='bbox 276 4054 415 4131; x_wconf 81' lang='lat' dir='ltr'><strong>Achabi</strong></span> <span class='ocrx_word' id='word_1_229' title='bbox 440 4054 665 4150; x_wconf 87' lang='lat' dir='ltr'><strong>praeveniat,</strong></span> <span class='ocrx_word' id='word_1_230' title='bbox 707 4077 783 4138; x_wconf 92' lang='lat' dir='ltr'><strong>tum</strong></span> <span class='ocrx_word' id='word_1_231' title='bbox 806 4043 914 4133; x_wconf 87' lang='lat' dir='ltr'><strong>etiam</strong></span> <span class='ocrx_word' id='word_1_232' title='bbox 937 4064 1048 4137; x_wconf 79' lang='lat' dir='ltr'><strong>arbam</strong></span> <span class='ocrx_word' id='word_1_233' title='bbox 1080 4081 1145 4157; x_wconf 83' lang='lat' dir='ltr'><strong>per</strong></span> <span class='ocrx_word' id='word_1_234' title='bbox 1169 4053 1307 4147; x_wconf 85' lang='lat' dir='ltr'><strong>servos,</strong></span> <span class='ocrx_word' id='word_1_235' title='bbox 1350 4055 1494 4134; x_wconf 83' lang='lat' dir='ltr'><strong>ineam</strong></span> 
     </span>
     <span class='ocr_line' id='line_1_31' title="bbox 274 4148 1496 4257; baseline 0.002 -34"><span class='ocrx_word' id='word_1_236' title='bbox 274 4148 456 4241; x_wconf 81' lang='lat' dir='ltr'><strong>admill&#39;os,</strong></span> <span class='ocrx_word' id='word_1_237' title='bbox 482 4149 519 4222; x_wconf 94' lang='lat' dir='ltr'><strong>in</strong></span> <span class='ocrx_word' id='word_1_238' title='bbox 541 4150 754 4248; x_wconf 88' lang='lat' dir='ltr'><strong>potestatem</strong></span> <span class='ocrx_word' id='word_1_239' title='bbox 776 4151 924 4247; x_wconf 80' lang='lat' dir='ltr'><strong>redigat.</strong></span> <span class='ocrx_word' id='word_1_240' title='bbox 973 4151 1080 4257; x_wconf 83' lang='lat' dir='ltr'><strong>Quod</strong></span> <span class='ocrx_word' id='word_1_241' title='bbox 1102 4152 1225 4233; x_wconf 84' lang='lat' dir='ltr'><strong>Achab</strong></span> <span class='ocrx_word' id='word_1_242' title='bbox 1253 4174 1391 4253; x_wconf 90' lang='lat' dir='ltr'><strong>quoque</strong></span> <span class='ocrx_word' id='word_1_243' title='bbox 1414 4148 1496 4226; x_wconf 89' lang='lat' dir='ltr'><strong>sub·</strong></span> 
     </span>
     <span class='ocr_line' id='line_1_32' title="bbox 275 4241 1497 4347; baseline -0.007 -16"><span class='ocrx_word' id='word_1_244' title='bbox 275 4241 441 4331; x_wconf 77' lang='lat' dir='ltr'><strong>odoratus</strong></span> <span class='ocrx_word' id='word_1_245' title='bbox 465 4242 536 4336; x_wconf 90' lang='lat' dir='ltr'><strong>est,</strong></span> <span class='ocrx_word' id='word_1_246' title='bbox 569 4244 631 4330; x_wconf 88' lang='lat' dir='ltr'><strong>ubi</strong></span> <span class='ocrx_word' id='word_1_247' title='bbox 654 4243 764 4336; x_wconf 87' lang='lat' dir='ltr'><strong>dicit,</strong></span> <span class='ocrx_word' id='word_1_248' title='bbox 799 4263 920 4341; x_wconf 83' lang='lat' dir='ltr'><strong>regem</strong></span> <span class='ocrx_word' id='word_1_249' title='bbox 947 4249 1069 4347; x_wconf 81' lang='lat' dir='ltr'><strong>Syriae</strong></span> <span class='ocrx_word' id='word_1_250' title='bbox 1093 4254 1141 4332; x_wconf 76' lang='lat' dir='ltr'><strong>aa</strong></span> <span class='ocrx_word' id='word_1_251' title='bbox 1162 4245 1222 4341; x_wconf 75' lang='lat' dir='ltr'><strong>nist</strong></span> <span class='ocrx_word' id='word_1_252' title='bbox 1253 4251 1373 4325; x_wconf 77' lang='lat' dir='ltr'><strong>malam</strong></span> <span class='ocrx_word' id='word_1_253' title='bbox 1395 4270 1497 4346; x_wconf 50' lang='lat' dir='ltr'><strong>quaeq</strong></span> 
     </span>
    </p>
   </div>
   <div class='ocr_carea' id='block_1_3' title="bbox 274 4367 1505 4728">
    <p class='ocr_par' dir='ltr' id='par_1_3' title="bbox 274 4367 1505 4728">
     <span class='ocr_line' id='line_1_33' title="bbox 274 4367 1495 4538; baseline -0.001 -26"><span class='ocrx_word' id='word_1_254' title='bbox 274 4367 356 4538; x_wconf 52' lang='lat' dir='ltr'><strong>mle:</strong></span> <span class='ocrx_word' id='word_1_255' title='bbox 379 4435 507 4513; x_wconf 88' lang='lat' dir='ltr'>XCIII.</span> <span class='ocrx_word' id='word_1_256' title='bbox 532 4434 683 4537; x_wconf 83' lang='lat' dir='ltr'><strong>Legatio</strong></span> <span class='ocrx_word' id='word_1_257' title='bbox 705 4460 789 4516; x_wconf 87' lang='lat' dir='ltr'><strong>cum·</strong></span> <span class='ocrx_word' id='word_1_258' title='bbox 811 4433 937 4512; x_wconf 79' lang='lat' dir='ltr'><strong>frustra</strong></span> <span class='ocrx_word' id='word_1_259' title='bbox 961 4435 1164 4527; x_wconf 84' lang='lat' dir='ltr'><strong>cecidiss&#39;et,</strong></span> <span class='ocrx_word' id='word_1_260' title='bbox 1189 4426 1306 4513; x_wconf 87' lang='lat' dir='ltr'><strong>minae</strong></span> <span class='ocrx_word' id='word_1_261' title='bbox 1354 4459 1495 4537; x_wconf 87' lang='lat' dir='ltr'><strong>uoque,</strong></span> 
     </span>
     <span class='ocr_line' id='line_1_34' title="bbox 274 4461 1505 4728; baseline 0.011 -121"><span class='ocrx_word' id='word_1_262' title='bbox 274 4536 384 4621; x_wconf 77' lang='lat' dir='ltr'><strong>multa</strong></span> <span class='ocrx_word' id='word_1_263' title='bbox 407 4555 489 4643; x_wconf 81' lang='lat' dir='ltr'><strong>cum</strong></span> <span class='ocrx_word' id='word_1_264' title='bbox 499 4533 693 4640; x_wconf 67' lang='lat' dir='ltr'><strong>jactacione</strong></span> <span class='ocrx_word' id='word_1_265' title='bbox 718 4534 763 4619; x_wconf 90' lang='lat' dir='ltr'><strong>ad</strong></span> <span class='ocrx_word' id='word_1_266' title='bbox 781 4531 986 4649; x_wconf 79' lang='lat' dir='ltr'><strong>terrendum</strong></span> <span class='ocrx_word' id='word_1_267' title='bbox 1009 4534 1143 4629; x_wconf 76' lang='lat' dir='ltr'><strong>iaaac,</strong></span> <span class='ocrx_word' id='word_1_268' title='bbox 1166 4530 1310 4673; x_wconf 70' lang='lat' dir='ltr'><strong>stillent</strong></span> <span class='ocrx_word' id='word_1_269' title='bbox 1330 4461 1505 4728; x_wconf 45' lang='grc' dir='ltr'><strong>ῗρτεῐῑὲῧ</strong></span> 
     </span>
    </p>
   </div>
   <div class='ocr_carea' id='block_1_4' title="bbox 0 0 1792 5884">
    <p class='ocr_par' dir='ltr' id='par_1_4' title="bbox 0 0 1792 5884">
     <span class='ocr_line' id='line_1_35' title="bbox 0 0 1792 5884; baseline 0 5"><span class='ocrx_word' id='word_1_270' title='bbox 0 0 1792 5884; x_wconf 95' lang='lat' dir='ltr'><strong> </strong></span> 
     </span>
    </p>
   </div>
  </div>
 </body>
</html>
