3575 5884
733 1123 888 1208 Perinde
911 1123 1073 1230 Septimo¹
1439 1146 1514 1223 sss
1573 1192 1575 1195 .

278 1309 388 1409 nitio.
434 1295 643 1387 Memorare
682 1310 792 1388 etiam
825 1300 1089 1389 revelationum
1113 1307 1239 1386 modos
1272 1310 1331 1384 vel
1373 1306 1510 1406 species

282 1408 319 1484 ι’.
344 1407 610 1504 ρεηάΙοᾳυίει,
643 1408 790 1505 adquae
815 1408 924 1483 etiam
948 1408 1100 1482 refertur
1126 1388 1194 1576 bt?
1222 1424 1280 1499 m
1298 1407 1381 1504 fllia
1398 1410 1509 1494 vocis,
1546 1405 1548 1409 ’

277 1505 344 1578 seu
360 1501 449 1576 sono
473 1503 740 1576 vehementiore
758 1502 864 1578 instar
887 1502 1024 1576 tonitru
1048 1504 1169 1600 prolat·
1194 1560 1205 1594 ,
1236 1524 1273 1576 et
1289 1499 1382 1601 quasr
1400 1523 1446 1573 ex
1464 1521 1511 1572 eo

275 1617 390 1688 nata,
413 1623 506 1673 vox:
532 1622 602 1697 quo
618 1598 769 1672 refertur
784 1599 866 1697 Joh.
892 1600 974 1673 XII:
1003 1607 1059 1680 28.
1087 1622 1106 1672 a
1131 1598 1369 1695 adpetitiones
1388 1596 1510 1692 Ange·

281 1697 420 1784 lorum,
455 1721 474 1792 3
500 1694 631 1767 somnia
656 1695 828 1768 divinitus
853 1693 1002 1790 injebia,
1036 1717 1061 1785 4
1084 1694 1268 1769 instinstus
1293 1712 1332 1767 et
1356 1691 1512 1789 inpulsus

288 1789 427 1879 divini,
455 1793 508 1863 uti
541 1793 579 1864 in
605 1791 758 1886 poeticis
782 1810 819 1864 et
836 1789 992 1864 heroicis
1017 1791 1191 1884 motibus,
1216 1789 1340 1885 quibus
1364 1789 1510 1886 Macca-

286 1885 369 1960 baei
395 1887 504 1983 gavisi
537 1887 625 1961 sunt
680 1886 855 1984 Equidem
888 1908 961 1959 non
1001 1883 1129 1959 iverim
1163 1884 1318 1975 inficias,
1361 1886 1510 1958 nonnul·

276 1983 343 2067 .la,
375 1981 640 2078 quae·citantur
665 2002 826 2079 tanquam
850 2005 898 2057 ex
925 1979 1046 2055 divina
1078 1980 1295 2054 revelatione
1319 1998 1418 2069 orta,
1453 1979 1512 2055 vel

287 2076 398 2151 dubia
422 2079 479 2150 vei
505 2077 586 2150 ficta
613 2077 703 2167 esse,
728 2081 919 2152 veritatem
945 2095 1062 2148 tamen
1087 2075 1285 2150 traditionis
1308 2098 1380 2149 non
1407 2074 1523 2154 ausrm'

320 2172 436 2245 enitus
466 2196 608 2270 negare.
655 2176 901 2268 Praeterquam
934 2171 1050 2262 enirn,
1091 2172 1185 2270 quod
1218 2173 1307 2248 fides
1342 2171 1519 2253 historica

289 2198 367 2343 fine
393 2288 542 2365 urgente
577 2267 738 2359 ratione,
775 2291 862 2365 quae
893 2266 956 2340 hic
986 2267 1076 2340 nulia
1097 2268 1227 2365 adferri
1258 2265 1396 2364 potest,
1435 2290 1512 2341 non

289 2365 337 2439 stt
361 2363 587 2453 solicitanda,
621 2386 688 2438 nec
711 2388 767 2439 res
790 2385 854 2460 per
880 2361 916 2435 se
940 2360 982 2436 sut
1006 2362 1256 2458 inprobabilis,
1300 2383 1359 2436 aut
1382 2386 1401 2435 a
1424 2386 1512 2439 con·

282 2459 433 2535 -ditione
458 2462 604 2556 popuii,
639 2483 724 2556 prae
751 2460 941 2556 ingruente
965 2457 1195 2554 corruptione
1220 2481 1262 2531 ac
1287 2455 1513 2547 consusrone,

292 2555 468 2652 ejusmodi
486 2555 766 2629 extraordinario
791 2552 932 2643 medio,
958 2571 998 2625 ut
1013 2553 1118 2645 olim,
1144 2553 1355 2649 indigentis,
1380 2554 1520 2644 aliena,
1615 2550 1636 2608 Γ

295 2652 373 2725 imo
404 2651 496 2727 ratio
529 2653 641 2747 aliqua
672 2650 748 2725 dari
780 2648 906 2818 fsOOEt’
945 2650 1256 2744 apraeparatione
1289 2649 1433 2745 populi,
1475 2649 1529 2745 in'¹

292 2747 420 2844 primis
448 2747 609 2842 piorum,
644 2746 687 2818 ad
711 2749 779 2819 Me
807 2767 859 2818 rae
886 2740 1072 2818 instantem
1097 2744 1307 2833 adventum,
1367 2744 1516 2836 etenda,

292 2844 440 2917 indubia
464 2840 536 2913 sese
559 2841 714 2937 produnt
741 2839 872 2914 indicia
888 2837 932 2912 'in
958 2840 1131 2915 nonnullis
1154 2838 1317 2930 Psalmis,
1364 2866 1404 2931 ,u
1432 2865 1514 2934 ⁰³¹1·

290 2939 400 3023 ticis,
427 2934 465 3007 iu
490 2933 580 3009 libro
596 2937 723 3016 Psabn.
750 2935 887 3024 obviis,
912 2934 984 3008 hoe
1018 2956 1178 3033 tempore
1203 2935 1426 3032 compositis,
1459 2940 1515 3037 uti
1568 2955 1570 2959 ’

294 3034 343 3105 ab
375 3027 538 3124 Altingio
563 3027 652 3103 Diis.
678 3029 801 3105 Philol.
825 3030 871 3105 de
898 3033 1028 3127 linguae
1054 3036 1227 3107 Hebraeae
1252 3035 1448 3126 conditione,
1473 3055 1514 3110 et

290 3124 392 3215 aliis,
415 3126 487 3220 jam
512 3122 565 3199 est
591 3122 834 3215 oberratum,
859 3149 947 3222 quae
974 3128 1083 3226 magis
1106 3126 1276 3203 historice
1304 3152 1405 3239 quam
1430 3156 1513 3230 pro·

292 3221 441 3320 phetice
456 3221 499 3295 de
518 3218 738 3324 temporibus
753 3221 993 3297 Maccabaicis
1008 3244 1138 3322 agunt,
1163 3225 1208 3300 de
1234 3247 1304 3323 quo
1320 3248 1358 3299 rn
1377 3230 1514 3306 Cornu

292 3318 339 3392 ad
365 3318 416 3392 Ps.
441 3317 587 3413 exposui
613 3317 775 3407 uberius3
800 3335 986 3415 praeterea
1016 3323 1178 3418 erempsa
1203 3319 1359 3417 prostant
1384 3321 1422 3392 in
1447 3326 1513 3395 Ca·

295 3414 426 3510 japha,
453 3437 518 3509 qua
538 3413 715 3487 Pontifice
741 3414 918 3488 oraculum
936 3414 1135 3507 rsundente,
1160 3416 1244 3489 iicet
1268 3413 1402 3503 insci0‚
1427 3415 1512 3587 ioh.

294 3511 361 3585 XI.
387 3529 425 3581 et
449 3507 603 3584 certiora
627 3509 670 3583 >in
688 3509 857 3584 Zacharia
882 3533 925 3582 ac
941 3511 1139 3603 ,Elisabetm
1163 3509 1426 3607 parentibusJo

295 3607 352 3682 nis
374 3604 564 3699 baptistae,
598 3604 716 3679 Maria
740 3625 854 3679 matre
879 3606 1050 3696 Domini,
1089 3609 1175 3681 Luc.
1203 3608 1231 3681 1.
1279 3603 1446 3685 Simeone
1469 3633 1515 3685 ae

295 3705 400 3778 Anna
424 3702 471 3774 ib.
498 3724 529 3775 c.
556 3703 603 3777 11.
628 3725 715 3798 quae
729 3703 788 3776 vel
804 3700 953 3798 primam
977 3700 1285 3796 adnunciationem
1302 3709 1405 3804 regni
1424 3728 1513 3785 eoe-

294 3799 409 3874 lorum
434 3819 499 3888 per
522 3796 721 3892 Johannem
747 3798 1016 3894 praecesserunt.
1339 3804 1342 3809 '

342 3892 374 3991 ᾗ.
399 3893 537 3965 ΒΧΙΙΙ.
571 3894 673 3967 Haec
699 3894 835 3983 omnia,
861 3918 948 3990 quae
971 3893 1020 3967 -de
1044 3892 1198 3968 Ecclesia
1214 3897 1450 3975 'Maccabaica
1473 3897 1513 3976 in

292 3987 448 4068 medium
481 3987 652 4083 produxi,
696 3989 756 4084 qui
792 3988 1014 4080 adverterit,
1057 4014 1197 4066 mecum
1234 3994 1329 4072 forte
1361 3992 1513 4084 statuet,

295 4109 375 4158 eam
399 4081 437 4155 in
470 4087 584 4158 -verbo
616 4085 832 4180 Prophetico
864 4105 946 4181 apte
978 4085 1145 4185 depingi,
1187 4109 1349 4189 tanquam
1380 4109 1516 4181 regnum

295 4183 361 4255 Dei
387 4178 635 4268 exhibentem,
670 4203 749 4253 eum
776 4205 839 4278 per
865 4182 992 4272 duces,
1033 4182 1130 4259 fimul
1157 4187 1366 4270 Pontifices,
1390 4184 1513 4279 perso·

295 4301 357 4350 nas
383 4273 512 4364 sacras,
540 4275 799 4350 convenienter
813 4277 920 4352 etiarn
937 4279 1071 4376 primae
1086 4279 1320 4366 institutioni,
1344 4301 1412 4374 qua
1436 4277 1521 4372 reg?

294 4397 372 4446 uum
384 4369 592 4462 sacerdotale
615 4370 772 4445 erenum
797 4372 869 4466 est,
894 4375 1003 4449 fuerit
1028 4376 1282 4466 administrata,
1307 4376 1406 4447 Deus
1423 4396 1510 4468 quo·

292 4489 363 4564 que
388 4467 458 4567 sese
483 4468 590 4542 variis
610 4467 858 4565 speciminibus
884 4492 922 4545 et
946 4469 1250 4549 bencdibiionibus
1272 4467 1512 4565 praestiterit,

292 4560 449 4657 utsupra
465 4563 638 4660 vidimus,
651 4585 817 4667 tanquam
834 4569 1036 4662 supremum
1051 4565 1225 4645 restorem
1234 4618 1247 4660 ,
1271 4565 1523 4663 praesentem„¹

322 4654 429 4746 “lim
450 4660 478 4735 l
847 4663 946 4741 Xxx
1328 4674 1513 4770 praeterea

1581 4850 1638 5040 Α
