3575 5884
254 1076 361 1161 '544
454 1058 474 1081 ⁴
634 1059 780 1160 Historia
803 998 1037 1157 Ecclesiastico
1061 1052 1104 1135 V.
1134 1052 1174 1131 T.
1298 1031 1310 1042 ’

285 1245 393 1345 usque
418 1242 463 1320 ad
487 1244 559 1320 rele
586 1259 681 1318 atum
699 1239 937 1330 Archelaum3
964 1265 1034 1339 quo
1059 1241 1205 1316 durante
1232 1234 1361 1315 manlit
1380 1234 1517 1334 quidem

284 1346 432 1419 constitua
458 1268 630 1438 potebas,
658 1354 694 1408 et
717 1335 881 1424 turritula
904 1342 997 1435 apud
1022 1338 1194 1434 Judaeos,
1220 1334 1281 1409 sed
1307 1333 1353 1406 de
1380 1336 1514 1408 liberta·

280 1458 322 1515 te
347 1438 467 1525 civili,
494 1463 536 1513 ac
562 1444 755 1521 autoretate,
782 1438 931 1508 multum
956 1433 1008 1507 est
1031 1434 1242 1523 delibatum,
1275 1431 1427 1504 militari
1453 1454 1510 1527 po·

283 1534 410 1610 testate
436 1533 543 1607 initio
567 1533 642 1606 fere
670 1532 806 1619 deleta,
848 1530 906 1606 sed
932 1528 1054 1641 postea
1085 1531 1144 1604 sub
1170 1528 1320 1603 Herode
1347 1551 1396 1603 ex
1420 1547 1513 1637 parte

282 1650 469 1705 revocata:
512 1628 606 1726 quod
640 1629 863 1701 intervallum
895 1627 966 1701 furt
1000 1626 1296 1724 praeparatorium
1332 1648 1448 1721 magis
1478 1642 1511 1696 et

280 1724 557 1826 praenuncium,
583 1747 687 1821 quam
712 1746 795 1797 vera
821 1725 949 1799 ablatio
975 1723 1126 1819 sceptri:
1145 1722 1327 1818 secundum
1346 1719 1401 1794 est
1424 1719 1513 1818 judi·

280 1823 378 1898 cialis
404 1844 445 1895 ac
481 1821 642 1895 militaris
668 1819 854 1916 potestatis
887 1819 998 1915 magis
1024 1844 1126 1914 quam
1161 1839 1262 1892 antea
1296 1817 1514 1905 inminutae,

282 1937 322 1993 et
349 1942 395 1992 ex
424 1941 527 2015 parte
556 1914 728 2004 abolitae,
750 1917 879 2012 Judaea
904 1917 941 1989 in
960 1915 1107 1991 formam
1125 1914 1335 2011 provinciae
1354 1911 1512 2002 redata,

279 2014 373 2090 salva
400 2034 517 2089 tamen
542 2014 656 2088 adhuc
680 2014 798 2107 legum
822 2013 1065 2123 propriarum,
1091 2032 1128 2084 et
1145 2009 1351 2109 religionis,
1380 2008 1509 2084 autori·

283 2130 381 2201 tate,
406 2111 481 2185 imo
506 2129 608 2209 parte
624 2107 808 2206 potestatis
824 2104 999 2204 judicialis
1025 2107 1167 2196 reliela3
1192 2109 1281 2180 adeo
1299 2127 1341 2181 nt
1366 2131 1413 2180 ne
1430 2126 1511 2179 tunc

283 2207 428 2307 quidem
455 2209 632 2303 sceptrum
659 2203 731 2280 diei
747 2205 851 2302 polilt
874 2206 1018 2304 penitus
1046 2205 1234 2294 abolitum,
1260 2202 1418 2277 maxime
1433 2227 1511 2276 cum

282 2327 420 2378 novum
441 2305 604 2399 vigorem
619 2299 738 2397 specie
758 2318 860 2374 tenus
884 2302 1063 2398 receperit
1078 2302 1138 2376 sub
1158 2299 1308 2374 Herode
1326 2297 1508 2408 Agrippa3

283 2406 417 2476 tertium
445 2397 598 2494 denique
628 2396 680 2472 est
714 2396 828 2469 omnis
860 2396 1035 2476 libertatis
1066 2418 1103 2470 et
1136 2396 1323 2494 potestatis
1361 2394 1509 2470 abolitio

282 2497 404 2571 totalis
428 2513 465 2568 et
489 2513 663 2591 perpetua
698 2516 761 2590 per
787 2494 977 2568 Romanos.
1028 2495 1147 2595 Quae,
1188 2496 1209 2568 l.
1236 2493 1298 2566 eit.
1327 2492 1431 2567 latius
1456 2493 1511 2567 de·

282 2592 413 2682 dutla,
440 2589 502 2665 hie
526 2589 707 2688 repetiille
733 2589 935 2678 suffecerit,
961 2591 1004 2664 ad
1032 2587 1170 2685 periodi
1197 2587 1449 2684 conspetlum,
1475 2605 1511 2663 et

281 2687 448 2765 vaticinii
478 2687 879 2785 citati'inpl'ementum,
913 2685 1191 2782 intelligendum.
1235 2684 1402 2782 Dispesci
1426 2708 1510 2760 vero

281 2784 449 2879 periodus
476 2784 572 2856 reete
596 2783 715 2879 potest
747 2784 783 2854 in
816 2785 886 2856 duo
922 2783 1121 2872 intervalla,
1159 2805 1310 2878 quorum
1338 2805 1438 2858 anum
1463 2779 1510 2856 est

282 2879 376 2976 reip.
403 2876 518 2963 adhuc
541 2875 683 2968 stantis,
718 2878 822 2979 usque
848 2878 996 2954 adanu.
1023 2902 1092 2953 aer.
1119 2879 1228 2973 Vulg.
1256 2885 1396 2971 66tum,
1427 2879 1509 2952 alte·

281 2976 361 3052 r'um
387 2992 423 3045 et
446 2972 620 3071 posterius
647 2976 721 3076 ejus
754 2975 955 3076 prolapsae,
989 2975 1105 3051 donec
1129 2973 1303 3052 astructa
1328 2975 1392 3068 lit,
1429 2973 1511 3051 inde

280 3070 326 3148 ad
349 3092 430 3145 ann.
459 3093 604 3162 pomum.

326 3165 357 3266 ς.
383 3166 542 3240 DXXV.
586 3169 629 3239 ln
659 3172 777 3265 prioris
809 3167 953 3243 historia
977 3167 1107 3266 starum
1130 3166 1218 3263 reip.
1245 3185 1283 3240 et
1308 3167 1504 3258 Ecclesiae,

279 3263 425 3364 ejusque
441 3266 638 3359 qualitates,
663 3289 731 3363 pro
754 3290 852 3338 more
870 3268 1060 3358 enarrabo,
1089 3282 1126 3337 ct
1144 3262 1333 3357 illustrabo.
1382 3269 1507 3339 Forma

279 3356 488 3462 regiminis,
512 3357 637 3433 statum
662 3360 848 3459 politicum
873 3359 1114 3451 constituens,
1141 3379 1195 3433 ter
1222 3362 1280 3434 vel
1305 3374 1431 3456 quater
1446 3386 1504 3435 va·

278 3459 398 3534 riavit.
448 3458 658 3537 Habuerunt
683 3456 807 3555 Judaei
834 3458 869 3531 in
894 3457 1076 3555 principio
1101 3478 1240 3555 regem,
1266 3458 1324 3529 vel
1356 3459 1504 3532 Ethnar·

278 3554 408 3643 cham,
433 3554 472 3626 in
490 3553 688 3645 Archelao,
715 3554 798 3628 dein
815 3555 852 3627 in
877 3553 1084 3650 provinciae
1102 3553 1249 3629 formam
1275 3552 1413 3629 redacti·
1426 3568 1504 3652 pro·

277 3668 459 3727 curatores
484 3652 746 3741 Romanorum,
787 3651 869 3724 dein
894 3675 1014 3748 regern
1037 3651 1149 3723 rursus
1175 3650 1212 3722 in
1235 3649 1400 3748 Aprippa
1425 3653 1505 3725 Ma·

272 3748 383 3846 jore,
411 3743 564 3841 denique
591 3746 670 3843 post
693 3746 789 3820 illum
815 3747 929 3821 rursus
954 3766 1200 3843 procuratores
1225 3745 1373 3821 nomine
1394 3771 1507 3844 popu·

276 3844 303 3920 li
324 3839 488 3916 Romani.
524 3843 689 3915 Herodes
707 3847 787 3932 M,
815 3843 912 3938 cujus
936 3841 1176 3940 genealogiam
1201 3840 1248 3923 in¹
1264 3844 1392 3917 tabella
1415 3868 1501 3919 con·

276 3938 396 4016 texuit
414 3933 573 4009 omnium
600 3938 737 4034 optime
759 3940 808 4012 Cl.
835 3940 1012 4013 Relandus
1038 3939 1074 4012 in
1102 3934 1263 4027 Palaest.,
1287 3938 1348 4034 qui
1374 3938 1500 4015 viden·

275 4040 341 4114 dus
368 4033 438 4124 est,
471 4031 627 4104 moriens
654 4054 724 4109 tres
752 4034 894 4132 reliquit
920 4038 1030 4128 filios,
1072 4058 1218 4131 quorum
1244 4035 1336 4108 ratio
1365 4034 1430 4112 hic
1458 4034 1508 4111 est

275 4132 457 4220 habenda,
492 4125 722 4219 Archelaum,
756 4131 948 4227 Antipam,
982 4151 1019 4205 ct
1044 4131 1264 4228 Philippum,
1300 4131 1396 4206 inter
1420 4154 1508 4232 quos

274 4250 423 4326 regnum
444 4224 652 4298 testamento
671 4225 721 4297 ita
741 4225 880 4318 divise,
908 4248 946 4300 ut
964 4228 1173 4316 Archelaus,
1195 4228 1298 4301 titulo
1315 4231 1431 4327 regis,
1451 4251 1505 4305 te·

274 4344 378 4404 neret
401 4323 598 4419 Judaeam,
617 4319 804 4392 Samariam
831 4343 868 4394 et
888 4325 1111 4413 Idumaeam,
1139 4323 1302 4399 Herodes
1328 4325 1507 4424 Antipas,

275 4420 421 4500 nomine
451 4415 692 4506 Tetrarchae,
723 4416 910 4488 Galilaeam
939 4439 975 4490 ct
995 4422 1179 4507 Peraeam,
1205 4421 1357 4518 denique
1372 4426 1508 4523 Philip·

274 4544 362 4621 pus,
404 4511 531 4591 eodem
560 4513 685 4610 titulo,
722 4511 1008 4607 Gaulonitidem,
1055 4516 1372 4614 Trachonitidem,
1405 4526 1508 4598 Bata·

1019 4644 1023 4649 ’
1211 4654 1215 4661 “
1371 4638 1502 4699 'meam
