3575 5884
529 910 1057 951 ⁶¹·.z·.·····r
1371 930 1517 959 μ-

529 975 536 985 ·
625 947 783 1035 Perfidus
808 947 978 1041 Odoal‘
1331 918 1408 1057 ἔῃ

172 1135 254 1213 sunt
281 1132 514 1234 Gaulanitae,
549 1139 610 1214 vel
636 1137 807 1233 Galilaei,
841 1140 1009 1227 homInes
1030 1136 1187 1233 fadlioli,
1229 1156 1268 1215 et
1293 1140 1408 1217 latro)

173 1258 257 1325 nes,
281 1234 344 1309 sub
368 1235 512 1329 nomine
528 1236 751 1330 Zelotarum,
778 1258 816 1314 et
834 1239 957 1335 specie
983 1238 1176 1328 libertatis,
1204 1262 1245 1315 ac
1271 1236 1404 1312 nobili:

173 1330 278 1422 tatis,
308 1333 424 1429 gentis
439 1335 674 1431 Judaeorum,
698 1334 812 1408 asolo
836 1336 920 1409 Deo
944 1336 1202 1435 dependentis,
1227 1355 1265 1410 et
1284 1336 1319 1410 ei
1338 1318 1406 1442 [τῇ]

171 1430 258 1503 buta
285 1446 420 1503 tantum
444 1429 627 1523 debentis,
670 1451 743 1507 nort
773 1432 989 1528 gentilibus,
1034 1433 1185 1524 tuendae
1217 1432 1258 1507 a'c
1278 1428 1403 1528 'vinda-J

169 1522 327 1613 candae3
352 1523 401 1598 ita
423 1525 585 1625 adpellari
609 1551 632 1606 a
656 1528 747 1625 Juda
774 1529 985 1621 Gaulonita,
1018 1529 1075 1602 vel
1105 1529 1282 1622 Galilaeo',
1316 1524 1398 1601 Ail.

169 1620 223 1695 V.
248 1618 357 1695 etiarn
382 1642 598 1713 memorato,
639 1626 729 1699 duce
760 1648 886 1698 eorum
912 1648 980 1701 una
1006 1647 1088 1699 curn
1112 1626 1256 1701 Zaduco
1281 1621 1402 1701 Phari·

167 1716 274 1807 saeo,
308 1714 487 1796 eo'etiarn
513 1720 649 1819 majore
672 1744 754 1796 curn
779 1720 954 1813 succeliu,
989 1722 1083 1819 quod
1109 1720 1202 1797 fama
1227 1724 1272 1796 de
1300 1720 1399 1797 Mes·

169 1812 239 1902 sta,
262 1812 337 1911 jam
360 1816 561 1909 praesente,
586 1820 645 1893 vel
672 1838 756 1891 mox
780 1818 924 1907 futuro,
946 1819 1021 1914 jam
1046 1821 1304 1915 percrebuerat
1332 1818 1405 1915 per'
1505 1898 1507 1903 ,

168 1912 307 2006 Magos
332 1910 441 1985 Matt.
469 1912 516 1988 II.
543 1930 580 1986 et
604 1930 627 1991 a
649 1908 840 1990 Pharisaeis
868 1918 973 1989 uxori
991 1913 1167 1991 Pherorae
1192 1910 1324 1991 Actum
1340 1930 1406 1991 vai

168 2005 358 2096 ticinium,
400 2003 461 2081 sub
495 2009 605 2085 finem
634 2008 731 2084 vitae
758 2010 940 2101 Herodis3
984 2008 1147 2109 utsupra
1178 2010 1217 2086 i'n
1254 2008 1404 2085 historia

169 2104 249 2199 ejus
278 2102 426 2181 narravi.
476 2108 664 2181 innumera
698 2106 907 2199 latrocinia,
947 2108 1090 2202 rapinae
1128 2106 1167 2181 e‘t
1194 2104 1323 2183 caedes
1357 2108 1405 2181 ab

170 2200 240 2277 hac
256 2194 412 2275 faitione
457 2220 587 2276 atratae
604 2201 683 2278 sunt
706 2200 778 2303 Jos.
802 2205 892 2277 Ant.
920 2202 1063 2279 XVIII.
1113 2204 1296 2281 Durarunt
1312 2195 1406 2278 haec'

169 2292 372 2396 principia,
396 2222 529 2373 foliato
548 2299 655 2374 etiam
678 2300 787 2405 Juda,
814 2317 850 2371 et
867 2300 1041 2397 populum
1066 2298 1289 2391 infecerunt,
1313 2298 1407 2377 mul·.

170 2412 359 2491 torumque
384 2415 543 2469 motuum
568 2392 689 2471 causae
716 2394 883 2485 fuerunt,
917 2396 1189 2493 persequentia
1215 2417 1403 2493 tempora,

172 2489 293 2565 donec
315 2488 356 2563 in
387 2490 565 2580 excidium
592 2490 683 2593 reip.
719 2488 896 2585 exierint3
939 2510 979 2568 ut
1011 2494 1084 2591 Jos.
1117 2491 1205 2572 ibid.
1232 2516 1309 2567 non
1337 2514 1406 2579 neq

169 2584 285 2687 glexit
313 2582 507 2663 observare.
552 2601 557 2611 ’
801 2667 804 2679 ,
892 2656 898 2683 ,
963 2645 966 2669 .
1210 2594 1224 2667 J

212 2680 245 2781 A.
270 2682 465 2759 DXXVII.
500 2683 668 2761 Succeffit
695 2682 780 2787 ipli,
804 2667 1105 2785 post‘trienniu'nr
1130 2672 1409 2785 praeiedlurael

172 2784 319 2855 Marcus
341 2778 535 2873 Amblrias',
559 2780 667 2855 etiam
718 2804 757 2853 et
782 2788 934 2874 pauni,
968 2803 1073 2877 quern
1100 2782 1247 2881 excepit
1270 2785 1404 2859 Anniae

172 2874 233 2949 Ru
253 2898 321 2964 nr,
335 2875 472 2971 quando
490 2876 667 2977 Augustus
681 2804 751 2951 liiit
767 2895 946 2965 mortuus,
973 2895 1010 2948 et
1020 2874 1141 2969 Rufo,
1164 2877 1246 2978 post
1263 2900 1374 2955 aann.
1385 2922 1402 2969 ,

171 2971 197 3047 s
241 2968 339 3045 ellus
363 2994 384 3047 a
411 2972 563 3049 Tiberio
589 2974 743 3048 Valerius
770 2974 919 3063 Gratas,
944 2988 1080 3068 quartas
1102 2975 1336 3066 Procurator,
1361 2992 1403 3053 et

174 3092 275 3159 non,
310 3086 350 3139 ut
375 3070 535 3147 nonnulli
564 3094 586 3145 o
615 3069 703 3144 inati
730 3070 828 3155 sunt,
869 3073 1026 3167 quintas,
1057 3068 1202 3171 decepti
1227 3090 1407 3163 accentu,-

172 3167 267 3239 male
290 3160 407 3260 polito
424 3164 516 3261 apud
533 3093 627 3264 Joli,
653 3164 714 3239 ubi
731 3160 859 3253 sraela
876 3170 1005 3263 quintus
1023 3165 1154 3261 legitur
1178 3190 1246 3263 pro
1262 3164 1406 3265 rapacia

172 3260 306 3356 millars,
332 3258 418 3335 srcut
439 3262 510 3359 jam
537 3260 737 3337 observavit
763 3262 905 3339 Casaub.
931 3262 974 3334 ad
997 3262 1146 3351 Baton,
1179 3260 1239 3359 qui
1265 3260 1403 3336 diutius

171 3355 350 3454 praefuit,
374 3380 455 3433 ann.
481 3358 616 3432 scilicet
637 3382 716 3446 11.,
744 3378 782 3432 et
799 3354 1055 3455 praefecturam
1072 3355 1111 3434 in
1127 3354 1250 3455 primia
1268 3354 1400 3436 nobili·

172 3452 269 3529 tavit
285 3475 351 3549 per
368 3454 580 3544 Pontifices,
605 3453 732 3551 quovis
749 3454 825 3528 fere
841 3476 935 3529 anno
955 3470 1128 3542 mutator,
1154 3454 1213 3553 qui
1232 3454 1400 3545 fuerunt,

172 3554 283 3625 Anna
306 3548 485 3647 deposito,
511 3552 652 3640 Ismael,
683 3551 846 3637 Eleazar,
881 3548 973 3623 filius
999 3548 1146 3639 Annae,
1182 3550 1328 3641 Simon,
1360 3545 1407 3629 et'

171 3645 371 3745 Joscphus,
412 3645 521 3721 etiam
554 3646 723 3745 Cajaphas
756 3646 965 3743 adpellatur,
1009 3668 1121 3741 gener
1154 3645 1291 3723 Annae.
1325 3646 1408 3745 Jos.

170 3744 264 3820 ibid.
312 3742 406 3817 Eum
434 3744 597 3841 excepit,
624 3769 644 3818 a
668 3742 821 3817 Tiberio
846 3764 988 3839 quoque
1015 3738 1155 3833 missus,
1179 3742 1317 3817 Pontius
1341 3746 1408 3843 Pis

173 3846 288 3927 lutus,
312 3862 378 3935 pet
392 3862 472 3916 ann.
500 3849 543 3929 8,
568 3862 614 3913 ex
638 3837 785 3915 historia
800 3861 939 3935 quoque
956 3836 1170 3934 Euangelica
1185 3838 1412 3935 notiffirnus,

171 3936 344 4034 cujusque
377 3937 555 4031 pellimam
578 3934 756 4024 indolem,
795 3933 977 4029 moresque
1002 3956 1158 4029 pravos,
1191 3952 1228 4005 et
1259 3931 1409 4039 snevos„

174 4034 274 4109 tn'vis
299 4031 475 4109 coloribus
500 4030 665 4131 depinxit
690 4032 852 4130 Agrippa
878 4030 969 4127 apud
995 4029 1200 4115 Philonem,
1227 4028 1332 4125 legat.
1356 4032 1409 4114 ad,

173 4129 312 4223 Cajum.
362 4128 513 4225 Judaeos
544 4130 631 4204 odio
662 4130 814 4218 habens,
854 4124 889 4199 se
916 4124 1023 4201 etiam
1059 4123 1215 4199 odiosum
1241 4124 1285 4201 iis
1313 4124 1402 4201 fecit

174 4225 249 4302 suis
276 4222 401 4319 gellis,
427 4227 477 4301 ita
503 4246 544 4301 ut
571 4224 664 4301 varii
687 4226 874 4313 turnultus,
900 4247 921 4298 a
949 4220 1121 4297 seditione
1140 4243 1261 4316 parurn
1286 4244 1408 4295 remo·

175 4323 237 4407 ti,
262 4320 394 4396 fuerint
414 4324 543 4401 exorti.
591 4324 677 4400 Duo
705 4321 787 4396 talia
806 4320 964 4394 facinora
988 4314 1199 4421 memoravit
1218 4314 1288 4413 Jos.
1313 4318 1411 4413 Ant„

173 4418 318 4496 XVIII
345 4438 384 4497 et
408 4422 446 4499 B.
472 4422 504 4519 J.
529 4420 577 4499 II.
602 4442 754 4600 1111ng
771 4439 842 4509 quo
866 4418 954 4491 clatra
986 4410 1095 4490 nollu
1117 4412 1246 4493 vexilla
1270 4414 1404 4491 Roma:

204 4532 242 4549 “’
295 4526 328 4545 ”
756 4532 853 4591 ΖΖ2
1341 4532 1415 4617 ml'*
1473 4530 1477 4538 ¹
