3575 5884
688 1212 843 1315 Prriorirlr
865 1218 1010 1324 Quinta.
1068 1318 1070 1325 Ι
1412 1254 1461 1330 37

228 1420 319 1480 mm
340 1414 530 1496 compotes
552 1394 648 1471 fasti.
699 1421 729 1474 r.
756 1401 900 1475 Primum
926 1397 998 1489 est,
1030 1397 1123 1495 quod
1148 1398 1289 1510 Regina
1313 1405 1459 1486 Sabaeo·

228 1522 338 1588 rum,
364 1494 546 1593 opulentia
570 1512 607 1567 et
631 1491 799 1590 sapientia
825 1519 909 1591 prae
935 1497 1076 1592 reliquis
1102 1498 1248 1573 celebris
1271 1525 1313 1574 ac
1338 1502 1455 1601 super-

233 1597 307 1684 ba,
336 1591 513 1666 luculenta
534 1589 672 1686 ceperit
697 1608 735 1662 et
758 1588 953 1687 splendoris
984 1611 1023 1665 et
1047 1591 1237 1688 sapientiae
1262 1598 1459 1681 Salomonis

232 1688 501 1786 experimenta,
524 1707 672 1779 eramque
696 1686 908 1782 magnifico,
932 1685 971 1760 in
994 1687 1168 1762 honorem
1190 1689 1372 1786 Jeuovae,
1401 1720 1456 1771 or·

236 1783 378 1861 :raverit
401 1779 590 1868 encomio,
608 1778 767 1891 denique
788 1781 907 1856 multia
929 1783 1131 1857 muneribus
1152 1808 1234 1858 eum
1256 1785 1457 1866 honorave-

234 1879 309 1972 rit,
337 1898 377 1955 et
398 1878 444 1951 ab
469 1899 515 1948 eo
536 1873 648 1949 ditata
671 1874 889 1952 discesserit.=
916 1878 1063 1953 Sabaeos
1089 1876 1159 1952 effe
1183 1881 1335 1959 Arabiae
1359 1889 1388 1958 F
1389 1886 1452 1962 eli·

1022 1976 1454 2060 u

234 2166 297 2243 vit
319 2122 496 2239 bochart,
515 2161 555 2236 in
573 2160 668 2235 Phal.
692 2162 714 2237 l.
740 2162 789 2235 ll:
811 2184 844 2236 c.
872 2171 943 2236 26.·
960 2179 1001 2236 et
1024 2123 1209 2240 Schustenr
1242 2166 1283 2241 in
1304 2179 1453 2250 oratione

235 2258 452 2339 Amdemica
489 2256 535 2332 de
572 2255 715 2352 Regina
756 2258 977 2332 Sabaeorum.
1032 2259 1180 2335 Nomen
1218 2279 1452 2357 traxerunta

237 2358 386 2448 Scheba,
425 2352 503 2427 filio
528 2350 712 2460 Joktanir,
750 2351 984 2450 progenitore
1012 2352 1074 2427 suo
1100 2355 1192 2431 Gen.
1216 2359 1262 2433 X
1310 2361 1452 2458 Regina

237 2451 306 2526 ubi
336 2448 501 2525 audivisse
540 2446 671 2521 drerttu
700 2450 921 2537 arulitr'unent,
962 2450 1019 2522 vel
1057 2446 1212 2541 samam,
1253 2454 1453 2533 Salomonis

239 2562 329 2637 mr
347 2522 441 2636 pvb
464 2545 509 2618 ad
530 2567 644 2617 numer
656 2538 825 2634 Jelrrrur,
847 2543 1042 2637 indicatur,
1067 2545 1194 2622 famam
1216 2546 1308 2622 illam
1324 2551 1452 2646 fuisse,

239 2641 323 2716 ets
358 2638 462 2714 tmlse
483 2637 528 2711 ad
538 2640 697 2732 gloriam,
721 2633 834 2735 (hunc
856 2638 993 2712 enimsr
1046 2638 1199 2716 ificatum
1222 2641 1302 2736 hic,
1332 2669 1370 2722 ut
1386 2651 1451 2725 ali·

237 2738 296 2828 bi,
388 2752 428 2808 et
449 2756 523 2807 von
546 2726 611 2808 vll
631 2729 760 2831 numen)
787 2731 955 2827 Jrlrouae,
1023 2733 1058 2808 ei
1083 2736 1234 2828 Israelis,
1267 2740 1326 2816 cui
1353 2747 1450 2837 Salo·

235 2833 352 2908 monia
372 2826 544 2926 sapientia
558 2828 734 2903 serebatur
749 2848 924 2935 accepta,
947 2829 1044 2938 etde
1068 2831 1167 2942 cujus
1189 2832 1346 2943 suprema
1363 2844 1449 2917 Ma·

233 2923 1279 3120 iiii?eiissisiium‘il‘ib{lifflsffisnsslil‘ssit
1297 2934 1449 3128 stlst

230 3123 317 3194 ritas
340 3114 536 3191 Salomonis
562 3134 720 3211 tanquam
748 3115 880 3212 signum
905 3117 1082 3224 supremae
1106 3120 1318 3198 Divinitatis
1342 3129 1446 3219 Jelro·

232 3244 313 3304 rae,
351 3213 425 3288 Dei
453 3210 603 3299 Israelis,
634 3210 883 3308 divulgabatur.
932 3213 1037 3286 Lreet
1063 3213 1158 3289 enirn
1183 3219 1305 3293 Sabaei
1332 3223 1448 3297 essent

232 3311 342 3401 Solis,
375 3312 497 3382 Lunae
523 3327 561 3379 et
582 3304 764 3380 Astrorum
797 3308 950 3382 cultores
982 3309 1125 3403 devoti,
1156 3312 1301 3392 aliosum
1327 3337 1447 3395 tamen

282 3409 443 3505 pulorum
474 3405 574 3477 Deos
604 3403 765 3477 tutelares
796 3426 869 3476 non
901 3402 1137 3512 spernebant:
1176 3409 1319 3503 singulis
1346 3415 1442 3488 enim

231 3433 313 3575 stiur
336 3501 406 3575 else
432 3501 532 3573 Deos
556 3498 738 3587 tutelares,
762 3497 847 3572 alios
869 3499 944 3575 alus
968 3503 1136 3596 majores,
1161 3502 1220 3574 sub
1245 3505 1346 3582 unius
1370 3509 1443 3582 Dei

235 3598 382 3694 supremi
398 3590 581 3692 auspiciis,
597 3610 757 3667 veterum
773 3594 957 3701 gentilium
967 3597 1035 3668 suit
1051 3596 1131 3669 satis
1149 3599 1287 3695 uulgata
1304 3598 1439 3698 opinio.

284 3692 316 3790 §2
340 3693 447 3765 XLII.
475 3694 562 3764 Cum
588 3712 675 3760 vero
693 3713 810 3763 omma
834 3691 892 3763 sua
917 3691 1089 3787 quaesita,
1118 3691 1154 3764 in
1179 3694 1302 3789 primis
1318 3699 1439 3798 aenig-

231 3786 383 3875 matica,
406 3810 492 3883 quae
513 3783 616 3859 verbi
641 3785 724 3858 'l2'l
753 3785 904 3880 poteslas
930 3784 1000 3874 est,
1034 3786 1096 3859 hic
1117 3787 1223 3865 etiam
1251 3793 1438 3870 admitten-

229 3887 296 3974 da,
327 3901 366 3954 ut
388 3906 488 3956 exv.
519 3906 549 3955 1.
576 3898 694 3977 patet,
719 3880 860 3954 vidisset
886 3881 1013 3969 soluta,
1045 3882 1141 3956 srmul
1163 3911 1276 3982 opera
1306 3891 1437 3985 Regis,

230 3977 411 4073 totiusque
439 4003 477 4089 re
530 3976 540 4048 i
573 3999 617 4086 ac
650 3976 745 4049 aulae
777 3975 1060 4090 dispositionem,
1104 3999 1265 4094 tanquam
1289 3985 1444 4080 sumumr

225 4069 771 4255 ltlls'bsnfflllalts
786 4094 839 4239 ei·
848 4073 1213 4275 irrisistis-siis
1242 4078 1441 4273 sall-,elli

230 4273 365 4362 amplius
384 4266 532 4340 traditur
557 4289 592 4338 v.
620 4287 653 4354 5.
679 4286 747 4372 quo
764 4262 970 4354 admtratro,
994 4286 1033 4338 et
1056 4264 1194 4363 stupor,
1220 4270 1310 4364 quasr
1329 4297 1370 4345 ec
1422 4308 1439 4329 -·

228 4363 337 4452 titus,
373 4387 446 4434 non
471 4361 580 4434 solum
604 4357 832 4454 expnmitur,
872 4358 934 4433 ¹sed
960 4380 996 4431 et
1022 4366 1166 4451 altioris,
1210 4388 1312 4458 quern
1337 4394 1435 4465 gere·

229 4457 307 4549 bat,
334 4457 476 4556 spiritus
500 4455 679 4543 demillio,
704 4453 752 4525 ita
775 4474 815 4527 at
840 4452 894 4545 se,
922 4478 1002 4526 cum
1028 4459 1129 4553 Rege
1157 4457 1313 4535 instituta
1338 4487 1437 4536 com*

256 4556 433 4641 aratione,
452 4552 572 4649 parvi,
598 4551 655 4624 vel
673 4547 796 4640 nihili,
823 4549 969 4638 feeerit,
991 4552 1177 4645 omnesque
1194 4554 1333 4652 spiritus
1348 4560 1439 4630 altos

216 4579 447 4746 seposuerit„
486 4647 568 4756 Quo
602 4644 699 4728 sensu
731 4645 947 4817 voertiam
980 4646 1062 4725 alibi
1093 4646 1259 4748 sumitur,
1300 4675 1355 4726 ex.
1381 4676 1437 4747 gr,

1328 4746 1436 4839 Ple.
1529 4792 1582 5065 ι
