3575 5884
261 589 1612 951 -ι-

730 1144 885 1224 Perr‘udus
908 1142 1034 1224 Seirai
1135 1144 1139 1151 ’
1417 1175 1462 1247 41
1468 1180 1492 1253 ³

261 1335 322 1413 cui
350 1354 553 1433 cognomen
580 1332 719 1406 Cerauni
749 1330 869 1404 datum
894 1328 967 1420 est,
1009 1329 1069 1428 qui
1097 1326 1236 1420 titulus,
1270 1331 1491 1409 celeritatem¹

261 1452 301 1510 et
316 1433 413 1522 vim,
440 1432 560 1503 omnia
584 1428 798 1517 vastantem,
822 1426 1047 1523 exprimens,
1073 1427 1223 1501 Seleuco
1238 1427 1406 1503 Nicatori
1424 1454 1489 1525 pe-

261 1529 389 1606 culiari
416 1526 461 1613 de
485 1525 623 1599 ratione
648 1524 870 1614 adhaeserat,
896 1523 977 1620 quia
992 1522 1149 1618 fulminis
1166 1524 1350 1623 augurium
1375 1525 1490 1622 ipsum

263 1629 304 1702 in
321 1623 514 1699 condenda
526 1623 684 1696 Seleucia
709 1640 784 1697 erat
799 1620 977 1711 secutum,
1003 1622 1055 1694 uti
1073 1622 1135 1695 Ez.
1161 1624 1352 1719 spanhem.
1375 1624 1414 1697 N
1418 1649 1487 1701 um.

261 1727 287 1799 l.
321 1728 366 1796 c.'
389 1721 566 1793 obseurat.
618 1717 842 1792 Praestiterat
874 1717 984 1791 etiam
1010 1718 1166 1791 Nicator
1197 1720 1268 1793 sese
1304 1742 1348 1793 eo
1383 1721 1488 1796 titulo

266 1818 434 1915 dignum,
460 1815 520 1888 sed
537 1813 629 1888 nihil
651 1813 765 1887 minus
780 1813 841 1887 hic
858 1816 1045 1903 Seleucus,
1070 1838 1138 1887 nec
1157 1815 1304 1912 ingenio
1330 1841 1399 1890 nec
1416 1818 1488 1892 vir⁴

265 1933 345 1990 tute
364 1913 490 1988 bellica
505 1911 644 2001 ualens,
669 1910 828 2008 nihilque
842 1910 988 1984 nomine
1003 1910 1151 2007 dignum
1167 1935 1314 2008 gerens:
1336 1914 1487 2007 Achen,
1524 2002 1528 2011 Ι

261 2006 507 2088 Andromachi
532 2006 627 2097 filio,
661 2025 797 2103 nepote
824 2008 918 2104 ejus,
943 2006 1025 2080 viro
1051 2006 1212 2097 strenuo,
1237 2007 1362 2082 statum
1386 2015 1489 2108 regni

261 2126 400 2182 tuente.
448 2108 538 2178 Cum
563 2125 652 2176 vero
671 2103 829 2191 Attalus,
854 2106 1147 2198 Pergamenorum
1171 2128 1253 2194 rex,
1279 2104 1395 2180 Asiam
1421 2109 1492 2181 mi÷

262 2226 409 2292 norem,
453 2204 496 2274 ab
522 2198 761 2295 Hellesponto
781 2198 825 2270 ad
854 2200 1032 2288 Taurum,
1077 2220 1333 2297 occupaverat,
1367 2204 1487 2277 Seleu-

263 2324 347 2389 cus,
372 2299 433 2372 snb
458 2295 577 2370 Achei
603 2293 787 2392 auspiciis,
814 2294 965 2391 *quidem
992 2314 1116 2369 contra
1141 2320 1220 2369 eum
1244 2296 1396 2394 suscepit
1423 2292 1497 2373 ex·'

261 2395 509 2494 peditionem,
533 2391 592 2466 sed
610 2390 701 2465 nihil
724 2391 867 2481 effecit,
893 2391 995 2465 brevi
1020 2393 1126 2464 etiam
1153 2415 1295 2466 veneno
1323 2417 1343 2466 e
1366 2389 1493 2469 medio¹

267 2492 418 2567 sublatus
443 2489 495 2563 esi
522 2514 542 2562 a
568 2489 704 2562 duobus
728 2489 803 2584 ejus
826 2486 991 2579 ducibus,
1026 2511 1106 2564 ann.
1131 2489 1235 2587 regni
1263 2493 1341 2584 atio.
1390 2488 1493 2565 Vin:

264 2586 403 2664 dicavit
420 2585 563 2683 quidem
592 2581 684 2656 hanc
706 2606 831 2657 necem
857 2585 1021 2673 Acheus,
1057 2584 1182 2659 statum
1208 2586 1310 2683 regni
1344 2609 1486 2681 quoque

263 2702 390 2760 contra
406 2683 566 2756 Attalum
594 2680 691 2753 redie
716 2680 826 2754 tuitus
848 2678 919 2769 est,
945 2681 1003 2753 sed
1031 2702 1197 2753 coronam
1225 2680 1288 2776 ipsr
1316 2684 1358 2754 ab
1383 2696 1487 2755 exer·

261 2782 339 2857 'citu
374 2780 527 2853 oblatam
552 2776 749 2867 recusavit,
781 2800 822 2848 ac
847 2776 1055 2866 Antiocho,
1078 2774 1153 2851 filio
1185 2774 1320 2874 juniori
1346 2778 1487 2855 Seleuci

261 2875 451 2963 Callinici,
475 2873 640 2947 tradidit:
675 2873 734 2968 qui
761 2872 881 2968 itaque
906 2870 1078 2947 successit.
1483 2914 1488 2925 ·

298 2972 345 3070 h.
373 2971 592 3046 ccccxiv.
635 2969 814 3043 Antiorluu
843 2974 936 3041 initio
969 2973 1094 3065 quidem
1126 2993 1234 3042 terum
1264 2975 1488 3061 maximarum

265 3074 380 3163 'rapax
406 3065 491 3162 ursus
515 3064 580 3160 cll,
613 3084 652 3139 ut
671 3067 779 3139 verba
804 3066 924 3161 Polyb.
951 3067 988 3137 in
1013 3067 1182 3161 Excerpt.
1219 3068 1336 3143 Vales.
1378 3095 1483 3167 prae·

261 3166 425 3252 mittam,
458 3178 492 3234 et
515 3166 560 3236 ud
578 3164 810 3259 perficiendum
838 3166 890 3250 ld,
924 3164 1006 3257 quod
1020 3162 1127 3255 semel
1138 3161 1271 3258 suscepi
1298 3183 1350 3255 et,
1370 3167 1486 3264 fingu-

261 3260 332 3339 lurr’
357 3263 497 3333 audacia
516 3264 707 3355 praeditur,
731 3256 851 3353 sedin
879 3260 944 3352 ipso
968 3258 1131 3355 progreffu
1159 3264 1279 3333 aetatis
1299 3265 1390 3356 longe
1414 3282 1486 3339 tion

261 3356 402 3461 seipso,
427 3373 496 3428 tum
510 3366 719 3449 eximiorum
735 3355 1163 3450 lominum-erspallatione,
1190 3355 1338 3447 inferior.
1387 3360 1485 3454 Reg-

262 3448 901 3551 hiim¹8yroMaceddniehmquippe
919 3449 1107 3547 pristinae,
1131 3450 1215 3551 quin
1232 3450 1380 3551 majori,
1405 3451 1484 3561 diga

263 3546 445 3631 riitaiiac'
461 3547 665 3644 potentiae
681 3545 854 3637 restituit,
896 3547 965 3639 fed·
986 3546 1157 3640 deinceps·
1185 3566 1305 3617 amore
1333 3546 1485 3645 virginis

263 3642 274 3667 ‘
302 3643 619 3745 piuei,sa6lus³'·est
642 3646 788 3739 ignavus
799 3640 968 3733 ,militer
985 3662 1054 3737 quo
1081 3664 1124 3713 ue
1143 3639 1220 3713 otio
1247 3659 1284 3714 et
1309 3643 1394 3719 luxu
1409 3636 1482 3720 suess

288 3740 340 3831 ‘t,
366 3736 467 3814 ut'ex
486 3741 566 3815 Liv.
594 3743 614 3815 l.
633 3742 812 3814 xxxvl.
839 3757 876 3811 et
892 3738 967 3810 aliis
986 3756 1054 3810 con
1108 3757 1142 3826 t,
1158 3739 1308 3844 ¹quando
1325 3745 1482 3837 per.R0·'

261 3852 384 3913 manos
400 3860 441 3909 re
466 3860 549 3910 num
567 3839 640 3909 e'us
658 3838 758 3912 ualde
776 3836 827 3908 est
846 3835 1031 3907 limitat-um
1050 3860 1091 3908 ac
1111 3835 1342 3913 debilitatum.
1391 3840 1483 3914 Prioss

261 3934 316 4010 ‘ris'
335 3933 413 4031 peri
464 3932 476 4005 i
504 3933 673 4030 gloriosae
706 3932 866 4028 respeiiu
890 3930 1032 4028 figurari
1066 3926 1196 4004 meruit
1220 3956 1284 4029 per
1312 3959 1408 4009 cornu
1434 3938 1482 4009 al=

261 4030 405 4117 terum,
436 4027 545 4125 priur
565 4030 660 4102 enim
697 4028 748 4101 est
785 4027 1148 4117 Seleumra'=·Nicator,
1191 4031 1293 4125 regni
1323 4031 1481 4124 Syriaci,

262 4124 411 4224 dustr'iim
436 4143 474 4196 et
496 4133 603 4199 ortium
627 4126 766 4214 versus,
786 4116 926 4197 romnia'
941 4123 1177 4222 prosternensu
1193 4127 1289 4200 Dan.
1314 4126 1418 4198 Vll-l:
1444 4148 1479 4215 9,

263 4222 323 4305 sed
347 4218 482 4316 occasus
505 4224 595 4295 nulla
621 4221 712 4295 fabia
735 4208 942 4318 mentione}
971 4240 1149 4317 quatenns·
1166 4221 1300 4312 felices.
1313 4219 1480 4314 suerunt,

266 4334 304 4392 et
318 4316 490 4415 gloriosae
500 4319 620 4416 ,ejus'
637 4317 1027 4415 expeditiones-contra
1041 4320 1189 4416 populos
1214 4316 1419 4408 orientales,-
1444 4340 1483 4392 ec

263 4414 385 4503 innE
434 4413 551 4503 'tios,
577 4413 727 4488 austrum
754 4416 897 4499 versuo,
924 4415 1018 4488 unde
1046 4415 1200 4510 elogium
1227 4415 1359 4518 Mutus
1379 4437 1480 4492 acce?

263 4509 344 4607 pit,
367 4509 389 4583 s
452 4509 489 4583 in
507 4511 624 4584 Asiam
643 4511 838 4603 minorem,
866 4512 1077 4598 Thraciam,
1102 4527 1139 4579 et
1158 4507 1344 4580 Graeciam
1361 4508 1477 4583 infeli·

261 4605 301 4707 ci
311 4658 326 4697 ,
351 4624 389 4681 et
403 4604 665 4704 ignominioso,
683 4608 846 4686 foedatae
863 4608 975 4681 exitu.
981 4630 1048 4706 per
1063 4606 1264 4697 Romanos,
1279 4602 1378 4687 ,ficut
1392 4606 1486 4681 Dan·

849 4701 973 4795 stg
1423 4702 1496 4795 ili·

1565 4888 1612 5054 l
