3575 5884
732 864 900 953 aaran·
938 954 941 961 ,
1360 876 1437 979 ⁶03

199 1064 275 1159 que
291 1050 357 1148 fit,
382 1038 445 1147 at,
469 1040 616 1129 llaellet'
626 1044 744 1149 Consul
752 1050 835 1151 fieri
844 1108 855 1144 ,
881 1072 967 1127 mue
983 1052 1147 1149 majorum
1162 1056 1274 1129 ventat·
1289 1071 1323 1130 et
1340 1060 1435 1133 obeat

199 1157 349 1232 comitia.
401 1150 486 1257 Quo
521 1149 616 1225 sasto
636 1148 783 1238 Caesar,
823 1150 955 1225 smnma
990 1147 1068 1223 usus
1093 1148 1300 1243 celeritate,
1341 1154 1436 1229 bello

203 1273 282 1323 tem
309 1246 362 1321 est
386 1246 583 1342 adgressus,
627 1265 667 1320 et
690 1244 846 1319 feliciter
876 1244 1056 1343 perfecit;
1091 1247 1201 1320 tribus
1232 1266 1315 1321 ante
1339 1271 1433 1323 mor·

202 1364 280 1419 tem
296 1345 479 1440 Pompeji,
506 1362 544 1417 et
561 1341 712 1417 totidem
737 1341 817 1439 post
842 1364 943 1432 eam,
974 1343 1163 1417 commiffis
1186 1343 1324 1441 pugnis.
1373 1346 1433 1423 De

203 1445 341 1515 summa
366 1463 454 1513 vero
477 1439 530 1512 rei
557 1457 731 1513 certatum
758 1437 872 1512 estin
901 1438 1032 1533 campis
1057 1439 1258 1515 Pharsalicis
1285 1438 1433 1515 Thella-

203 1536 298 1626 liae3
322 1533 384 1609 ubi
407 1534 523 1609 vinus
540 1534 729 1632 Pompejus
753 1534 792 1607 in
820 1532 940 1632 sugam
966 1533 1037 1607 sese
1064 1534 1183 1625 dedit,
1211 1554 1249 1609 et
1277 1536 1341 1609 ΑΕ
1392 1534 1443 1633 ρ·’

199 1650 277 1707 tum
307 1632 435 1730 petiit,
464 1630 555 1727 julla
578 1629 771 1707 Ptolemaei
797 1630 911 1729 Regis
936 1629 1171 1729 indignillime
1198 1629 1331 1707 interfe
1370 1658 1432 1725 us,

205 1752 239 1804 a.
266 1732 314 1803 U.
365 1750 425 1818 ος.
830 1813 832 1817 ,

251 1824 284 1924 ᾗ.
310 1751 515 1900 D7LXXIX.
560 1820 684 1919 Caesar
714 1822 854 1920 itaque,
896 1820 1078 1920 postquam
1114 1839 1219 1895 antea
1248 1824 1435 1919 pomoeria

201 1921 343 2017 Inperii
358 1920 511 1993 Romani
529 1943 596 2017 per
612 1917 782 2011 Galliam,
810 1917 1037 2015 Helvetiam,
1063 1916 1299 2008 Britanniam,
1327 1942 1435 2016 quant

201 2020 342 2116 primus
364 2016 539 2113 adgressus
565 2014 636 2105 est,
661 2034 700 2087 et
718 2015 963 2104 Germaniam,
989 2014 1146 2110 utsupra
1162 2014 1323 2104 narravi,
1349 2039 1434 2111 pro·

203 2114 358 2203 tulisset,
399 2135 494 2185 nunc
517 2111 724 2207 Pompejum
755 2108 955 2186 debellasset
980 2110 1019 2183 in
1046 2108 1179 2206 campis
1206 2111 1432 2204 Pharsalica,
1454 2166 1460 2175 .

203 2212 394 2307 inperator
424 2206 652 2282 renunciatus
685 2206 758 2299 est,
802 2225 840 2279 et
872 2204 1078 2285 Distatoria
1106 2203 1258 2303 potestas
1292 2204 1359 2303 ipsi
1394 2206 1434 2283 in

205 2320 426 2405 perpetuum
444 2303 610 2394 decreta,
635 2327 666 2377 a.
693 2305 741 2377 U.
767 2324 860 2396 705,
885 2302 1025 2399 quando
1041 2302 1257 2401 AEgyptum
1273 2302 1434 2401 subjuga·

204 2404 282 2493 vit,
318 2419 356 2474 et
380 2399 595 2474 Pharnacem
627 2421 748 2495 regem
779 2396 884 2471 Ponti
917 2397 1102 2471 celerrime
1137 2398 1297 2487 devicit3
1341 2400 1437 2475 unde

157 2525 165 2535 ·
204 2498 314 2587 illud,
339 2499 434 2585 aeni,
458 2500 546 2585 aidi,
571 2501 658 2580 sicia
685 2493 825 2569 tandem
844 2493 1080 2589 Pompejanos
1105 2492 1144 2567 in
1161 2493 1287 2569 Africa
1309 2494 1435 2589 profli·

206 2594 331 2693 gavit,
357 2591 585 2687 Scipionem,
611 2595 803 2679 Catonetn,
820 2609 859 2663 et
876 2590 1028 2686 Jubam3
1053 2612 1201 2686 quorum
1219 2588 1279 2663 hic
1296 2588 1333 2663 in
1348 2614 1436 2669 con·

206 2689 311 2766 flictu
336 2687 467 2785 periit,
496 2683 621 2784 Scipio
643 2686 726 2761 navi
748 2685 877 2777 frasta,
903 2705 941 2759 et
966 2689 1055 2759 Cato
1072 2685 1251 2761 Uticensis
1274 2686 1336 2760 fibi
1362 2709 1435 2763 ma·

205 2810 271 2861 nus
300 2782 440 2873 intulit,
465 2783 621 2857 austerae
648 2780 783 2869 indoli,
809 2801 848 2857 et
872 2781 1123 2855 monarchatus
1148 2781 1254 2873 odio,
1279 2783 1435 2861 succum·
1521 2832 1524 2839 -

202 2883 313 2970 bens}
339 2878 492 2976 denique
515 2880 608 2955 filios
628 2878 791 2976 Pompeji
819 2878 857 2953 in
883 2876 1056 2976 Hispania
1077 2874 1238 2973 subjecit.
1286 2879 1355 2954 Sed
1375 2900 1438 2955 ce·

205 2976 315 3054 lebris
340 2974 402 3049 hic
428 2976 597 3067 bellator,
641 2993 680 3049 et
705 2977 813 3071 Reip.
845 2973 885 3049 in
912 2973 1165 3049 Monarchiam
1198 2994 1352 3049 mutatae
1377 3001 1437 3055 att·

203 3092 285 3165 tor,
321 3072 454 3170 primus
478 3070 679 3147 Monarcha
710 3074 914 3163 Romanus,
959 3071 1052 3145 haud
1077 3070 1140 3145 diu
1163 3070 1352 3167 Majestate

203 3169 302 3246 visus
327 3165 389 3243 est.
417 3170 527 3241 'Cum
554 3169 650 3245 enim
674 3166 864 3241 inmodicis
887 3168 926 3241 in
952 3167 987 3241 se
1012 3167 1150 3241 collatis
1166 3165 1363 3245 honoribus.
1378 3191 1435 3243 tn·

203 3262 374 3341 solandus
397 3281 579 3356 uteretur,
613 3289 681 3341 nec
703 3264 862 3338 omnium
900 3261 1010 3338 animi
1038 3262 1081 3337 ad
1106 3262 1314 3336 servitutem
1344 3265 1435 3349 tole,-

204 3361 349 3439 randam
375 3358 487 3433 ellent
514 3361 646 3458 parati,
687 3360 766 3457 Ipse
793 3361 831 3434 in
857 3359 963 3434 Curia
997 3382 1018 3433 a
1044 3356 1237 3527 coniuratis
1265 3357 1437 3437 senatori·

204 3462 293 3548 bus,
327 3479 477 3555 quotum
503 3458 684 3555 principes
709 3474 810 3531 erant
835 3456 892 3530 M.
917 3458 1064 3546 Brutus,
1125 3451 1322 3547 ⁸rebonius,
1356 3456 1437 3533 Cas·

203 3556 294 3643 stus,
329 3572 368 3627 et
392 3550 526 3625 Decius
549 3557 697 3644 Brutus,
741 3550 925 3649 inproviso
950 3550 1001 3626 est
1025 3549 1183 3643 invasus,
1217 3574 1259 3625 ac
1288 3574 1331 3647 23
1357 3552 1436 3629 vul·

205 3651 353 3726 neribus
375 3646 573 3740 confossus,
610 3649 825 3746 exspiravit,
863 3647 945 3747 post
967 3670 992 3741 4
1016 3668 1096 3722 ann.
1123 3647 1313 3758 inperimn.
1365 3650 1435 3725 Cu·

202 3750 262 3848 jus
289 3744 444 3842 tragicae
469 3746 595 3820 mortis
617 3746 717 3821 varia
742 3745 844 3821 fuisse
867 3762 1051 3819 narrantur
1072 3744 1256 3844 prodigia,
1281 3742 1341 3817 sed
1359 3742 1436 3821 tris·

204 3844 334 3917 tillima
359 3839 508 3928 effecta,
534 3842 727 3940 conjuratis
752 3864 893 3939 quoque
919 3840 1057 3931 fatalia,
1092 3840 1225 3943 quippe
1254 3840 1313 3935 qui
1340 3842 1436 3916 intra

206 3937 403 4015 triennium
431 3936 556 4011 misere
579 3937 765 4036 perierunt
789 3936 922 4012 omnes.
972 3940 1139 4013 Ceterum
1165 3934 1286 4010 Caesar
1310 3935 1437 4033 depin-

206 4036 305 4135 gitur
322 4030 432 4106 animi
448 4037 495 4107 'et
512 4035 673 4131 corporis
692 4034 835 4109 dotibus
851 4032 1009 4126 illustris,
1034 4032 1131 4109 omni
1150 4029 1436 4127 disciplinarum,

205 4156 248 4207 ac
266 4130 460 4205 studiorum
484 4154 616 4228 genere
640 4134 751 4228 probe
777 4130 987 4206 informatus
1013 4150 1049 4206 et
1078 4128 1257 4216 eruditus,
1292 4129 1337 4205 de
1387 4154 1438 4205 uo

204 4230 280 4327 ejus
303 4225 383 4301 libri
409 4251 549 4325 quoque
575 4226 770 4320 testantur,
812 4228 1002 4325 prudentia
1026 4244 1064 4299 et
1089 4222 1302 4301 fortitudine
1329 4150 1393 4299 init
1420 4264 1436 4285 ·

204 4326 283 4421 ms,
324 4346 394 4403 nec
416 4347 439 4405 a
461 4324 715 4407 clementinae
738 4325 930 4400 sobrietate
955 4320 1163 4420 destitutus,
1201 4340 1358 4411 attamen
1382 4252 1439 4432 lit·

729 4421 911 4526 Gaee2
