3575 5884
277 1118 357 1199 334,
629 1085 778 1186 ffistotia
801 1084 1106 1187 Berreſsastna‘V.
1134 1085 1190 1163 T.-

282 1285 373 1359 Ant.
399 1278 479 1353 XX:
509 1284 542 1356 8.
567 1268 786 1370 quodetiam
815 1266 979 1342 instituto
1007 1288 1044 1343 et
1060 1271 1172 1366 scopo
1195 1293 1336 1364 eorum,
1362 1272 1405 1348 ad
1421 1273 1508 1348 salu·

283 1400 360 1457 tem
389 1371 566 1449 societatis
587 1364 691 1440 unice
719 1367 905 1455 tendenti,
930 1385 969 1440 ut
993 1386 1031 1439 et
1051 1368 1190 1443 nomini
1207 1371 1505 1462 Sadducaeorum,

284 1500 306 1551 a
355 1476 422 1545 l'lS
447 1467 537 1564 quod
564 1466 803 1556 redo-rigidum
826 1463 972 1559 proprie
999 1463 1168 1555 denotat,
1193 1466 1291 1540 reste
1318 1465 1519 1558 convenit,

284 1570 483 1646 Pharisaeos
510 1586 598 1634 vcro
625 1565 767 1632 mitiores
784 1560 872 1634 Ant.
898 1562 999 1634 Xlll:
1028 1585 1084 1634 10.
1111 1580 1148 1635 et
1172 1560 1257 1638 ideo
1274 1586 1415 1660 quoque
1440 1564 1506 1659 ple·

285 1666 321 1741 bi
347 1661 540 1758 gratiores,
572 1657 616 1730 ad
642 1657 740 1751 cujus
765 1654 895 1751 placita
919 1655 990 1729 sese
1018 1655 1289 1731 adcommodare
1322 1677 1503 1733 noverant.

284 1760 415 1856 Quales
443 1753 552 1826 etiam
582 1752 654 1826 sese
684 1753 822 1846 semper
858 1751 1126 1847 praestiterunt,
1167 1755 1396 1850 principibus
1431 1755 1508 1829 viris

281 1855 340 1927 vel
365 1851 517 1938 adulati,
552 1847 662 1922 fifibi
688 1848 871 1935 faverent,
906 1849 963 1919 vel
989 1849 1183 1939 adversati,
1219 1848 1506 1946 srdisplicereut.

280 1949 389 2044 Cujus
415 1945 569 2019 notabile
587 1946 786 2040 exemplum
809 1941 952 2015 historia
981 1946 1104 2040 pandit
1127 1945 1187 2020 sub
1204 1947 1290 2043 Joh.
1318 1949 1504 2045 Hyrcano,

283 2066 323 2119 et
356 2041 618 2117 successoribus.
668 2040 790 2115 Gratia
813 2038 998 2136 Hyrcani,
1038 2043 1156 2137 magni
1191 2065 1317 2115 eorum
1350 2042 1502 2140 patroni,

282 2140 497 2216 exciderunt
514 2138 574 2211 sub
600 2139 710 2211 linem
728 2136 854 2232 regni,
879 2136 1063 2210 occasione
1079 2137 1237 2232 injuriosr
1263 2139 1453 2215 admodum
1469 2138 1503 2214 iu

281 2262 365 2312 eum
382 2233 489 2324 dissi,
520 2234 614 2328 quod
639 2236 682 2306 ab
706 2255 778 2305 uno
805 2255 949 2320 eorum,
975 2235 1162 2322 Eleazaro,
1190 2232 1229 2306 in
1246 2233 1444 2324 convivio,
1463 2233 1504 2308 ad

283 2333 476 2431 quodcum
501 2330 577 2403 aliis
601 2347 701 2402 erant
725 2328 944 2424 aJohanne,
973 2330 1087 2401 amice
1104 2348 1141 2401 et
1158 2329 1392 2422 honorifice,
1419 2329 1502 2405 invi·

282 2429 371 2518 tati,
396 2426 578 2524 prolatum.
626 2424 786 2522 Roganti
813 2423 910 2496 enim
934 2423 1107 2515 Jolranni,
1142 2447 1227 2498 num
1252 2425 1389 2524 aliquid
1414 2427 1449 2501 iu
1471 2427 1503 2501 se

368 2523 496 2596 endum
519 2522 693 2610 habeant,
725 2522 806 2593 loco
830 2518 1057 2607 laudationis,
1090 2519 1179 2593 ficut
1205 2520 1439 2614 intendebat,
1469 2540 1503 2597 et

280 2642 329 2697 ex
345 2618 527 2718 peslabat,
551 2615 735 2715 respondit
750 2618 952 2704 Eleazarus,
977 2638 1058 2689 eum
1081 2612 1327 2692 Ethnarchatu
1355 2616 1500 2695 debuisse

280 2736 492 2791 contentum
517 2714 607 2801 else,
647 2714 861 2787 Pontificatu
893 2711 1016 2801 misso,
1056 2712 1138 2808 quia
1162 2735 1208 2785 eo
1238 2711 1413 2813 indignus
1434 2732 1499 2790 erat

278 2829 431 2907 propter
455 2827 626 2894 matrem,
652 2807 835 2902 aliquando
860 2807 996 2882 servam
1021 2810 1078 2881 vcl
1102 2808 1303 2904 captivam,
1328 2813 1497 2909 adeoque,

277 2922 321 2979 ut
344 2903 554 2997 putabatur,
573 2901 765 2978 ¹vitiatam.
822 2902 929 3013 Quod
963 2903 1211 3000 inportunum,
1255 2904 1359 2982 simul
1388 2908 1453 2982 sals

276 3018 314 3074 ct
331 2998 610 3090 calumniosum,
638 2999 804 3088 effatum,
830 3003 915 3073 lrcet
941 3024 986 3073 ex
1006 3001 1106 3074 unius
1134 3024 1196 3074 ore
1217 3019 1358 3078 tantum
1375 3003 1500 3078 eructa

278 3111 374 3181 tum,
400 3093 593 3169 Pharisaeis
614 3095 651 3165 in
677 3119 809 3189 genere
834 3095 922 3182 suit,
948 3096 1171 3192 suggestione
1197 3097 1497 3189 Sadducaeorum,

275 3188 480 3287 imputatum
500 3189 720 3288 aJohanne‚
745 3189 914 3279 maxime,
940 3191 1122 3287 postquam
1148 3192 1275 3288 reliqui
1296 3194 1499 3283 pharisaeo,

279 3310 361 3362 rum
384 3287 562 3384 primarii,
604 3288 646 3358 ab
667 3284 749 3382 ipso
773 3286 817 3358 de
847 3310 964 3384 poena
988 3289 1154 3362 Eleazaro
1192 3288 1270 3363 inlli
1300 3291 1388 3366 enda
1414 3314 1496 3365 con·

278 3384 381 3471 sulti,
407 3382 679 3480 respondissent,
705 3382 839 3456 crimen
866 3383 941 3479 ejus
966 3408 1038 3459 non
1062 3383 1132 3460 else
1158 3315 1331 3482 capitati,
1357 3387 1498 3484 mstiga·

277 3480 381 3553 tione
399 3483 599 3578 virgarum,
618 3499 677 3552 aut
697 3478 871 3569 custodia,
891 3480 994 3567 facile
1008 3505 1052 3554 ex
1079 3481 1230 3558 iandum.
1279 3483 1337 3556 Ex
1352 3508 1425 3582 quo
1436 3485 1498 3654 Jo-

279 3575 415 3651 stannes
448 3601 510 3650 eos
536 3575 620 3649 odio
647 3576 789 3664 habuit,
830 3576 976 3673 ipsisque
1004 3507 1115 3651 fadus
1141 3577 1191 3651 est
1216 3577 1380 3670 odiosus,
1414 3606 1435 3654 a
1458 3603 1498 3653 eo

278 3690 319 3747 ut
367 3693 468 3744 rates
506 3673 588 3747 inde
622 3693 721 3747 ortae
754 3673 886 3747 fuerint
918 3674 1203 3770 concertationes
1236 3674 1334 3747 inter
1366 3677 1496 3775 ipsum,

277 3693 420 3864 ejuique
448 3767 681 3858 succelsores,
723 3768 760 3841 in
787 3770 911 3866 primis
936 3769 1173 3844 Alexandrum
1202 3770 1421 3865 Jannaeum,
1462 3789 1496 3847 et

278 3883 394 3939 totam
419 3861 511 3936 illam
536 3865 702 3942 familiam
726 3866 975 3955 Pharisaicam,
1019 3867 1143 3963 quibus
1168 3890 1318 3959 reguum
1344 3868 1494 3944 horribi-

274 3962 357 4038 liter
387 3956 455 4033 fuit
492 3967 761 4054 perturbatum,
802 3965 894 4037 adeo
918 3982 957 4036 ut
983 3963 1182 4041 Alexander
1212 3986 1278 4057 per
1305 3964 1366 4038 sex
1392 3987 1496 4041 annot

276 4059 408 4135 bellum
432 4055 521 4153 quast
557 4059 765 4134 intestinum
800 4059 943 4156 gesserit
977 4083 1057 4132 cum
1085 4061 1237 4157 populo:
1278 4062 1495 4158 multumque

277 4153 455 4248 sanguinis
480 4152 587 4228 suerit
612 4156 744 4244 fusum,
778 4155 829 4227 nti
857 4180 903 4229 ex
927 4155 1073 4229 historia
1100 4153 1268 4253 Jannaei,
1301 4155 1406 4253 supra
1430 4178 1495 4244 tra·¹

280 4248 375 4327 dita.
398 4271 512 4415 patet.
560 4251 761 4325 Alexandro
778 4274 941 4338 mortue,
969 4252 1074 4325 vidua
1094 4253 1188 4349 ejus,
1212 4249 1314 4346 regni
1330 4256 1499 4348 guberna

277 4345 371 4433 trix,
412 4366 555 4433 etom,
587 4345 678 4420 suasu
707 4346 813 4418 etiam
841 4345 978 4435 mariti,
1023 4369 1063 4421 ut
1090 4372 1237 4443 regnum
1260 4348 1359 4421 suum
1384 4369 1497 4426 tuere·

280 4462 359 4528 tur,
384 4439 555 4531 adplicuit
585 4440 792 4527 Pharisaeis,
818 4441 877 4537 qui
904 4444 946 4513 ab
971 4466 1015 4513 eo
1040 4463 1203 4538 tempore
1226 4443 1357 4539 primas
1376 4465 1497 4519 tenue·

274 4559 381 4629 runt,
407 4535 503 4611 slmul
528 4541 696 4638 Regnum
724 4539 1056 4629 valdeturbarunt3
1090 4539 1194 4643 utin
1220 4540 1369 4620 historia
1384 4542 1498 4715 affl

271 4685 282 4709 s
1486 4654 1504 4705 e
