<?xml version="1.0" encoding="UTF-8"?>
<!DOCTYPE html PUBLIC "-//W3C//DTD XHTML 1.0 Transitional//EN"
    "http://www.w3.org/TR/xhtml1/DTD/xhtml1-transitional.dtd">
<html xmlns="http://www.w3.org/1999/xhtml" xml:lang="en" lang="en">
 <head>
  <title>
</title>
<meta http-equiv="Content-Type" content="text/html;charset=utf-8" />
  <meta name='ocr-system' content='tesseract 3.04.00' />
  <meta name='ocr-capabilities' content='ocr_page ocr_carea ocr_par ocr_line ocrx_word'/>
</head>
<body>
  <div class='ocr_page' id='page_1' title='image "./hermannivenemai04venegoog/hermannivenemai04venegoog_0553.png"; bbox 0 0 3575 5884; ppageno 0'>
   <div class='ocr_carea' id='block_1_1' title="bbox 272 1061 1156 1183">
    <p class='ocr_par' dir='ltr' id='par_1_1' title="bbox 272 1061 1156 1183">
     <span class='ocr_line' id='line_1_1' title="bbox 272 1061 1156 1183; baseline -0.018 -25"><span class='ocrx_word' id='word_1_1' title='bbox 272 1085 343 1171; x_wconf 80' lang='lat'>548</span> <span class='ocrx_word' id='word_1_2' title='bbox 618 1069 764 1172; x_wconf 60' lang='lat' dir='ltr'>rustam</span> <span class='ocrx_word' id='word_1_3' title='bbox 786 1063 1086 1183; x_wconf 54' lang='lat' dir='ltr'>Ecebssaflical.</span> <span class='ocrx_word' id='word_1_4' title='bbox 1114 1061 1156 1142; x_wconf 80' lang='lat' dir='ltr'>Y.</span> 
     </span>
    </p>
   </div>
   <div class='ocr_carea' id='block_1_2' title="bbox 190 1212 1544 4700">
    <p class='ocr_par' dir='ltr' id='par_1_2' title="bbox 190 1212 1544 3652">
     <span class='ocr_line' id='line_1_2' title="bbox 275 1212 1544 1357; baseline -0.006 -28"><span class='ocrx_word' id='word_1_5' title='bbox 275 1276 342 1357; x_wconf 73' lang='lat' dir='ltr'>aa,</span> <span class='ocrx_word' id='word_1_6' title='bbox 373 1250 478 1329; x_wconf 85' lang='lat' dir='ltr'>idolis</span> <span class='ocrx_word' id='word_1_7' title='bbox 501 1249 614 1351; x_wconf 74' lang='lat' dir='ltr'>pisia,</span> <span class='ocrx_word' id='word_1_8' title='bbox 644 1251 930 1350; x_wconf 76' lang='lat' dir='ltr'>Hierosolymam</span> <span class='ocrx_word' id='word_1_9' title='bbox 953 1250 1172 1342; x_wconf 81' lang='lat' dir='ltr'>introduxit,</span> <span class='ocrx_word' id='word_1_10' title='bbox 1196 1267 1236 1325; x_wconf 87' lang='lat' dir='ltr'>et</span> <span class='ocrx_word' id='word_1_11' title='bbox 1250 1248 1297 1325; x_wconf 90' lang='lat' dir='ltr'>de</span> <span class='ocrx_word' id='word_1_12' title='bbox 1319 1246 1378 1326; x_wconf 89' lang='lat' dir='ltr'>die</span> <span class='ocrx_word' id='word_1_13' title='bbox 1392 1212 1544 1346; x_wconf 60' lang='grc' dir='ltr'>ειιρίἷσΙ</span> 
     </span>
     <span class='ocr_line' id='line_1_3' title="bbox 277 1347 1500 1448; baseline -0.007 -22"><span class='ocrx_word' id='word_1_14' title='bbox 277 1349 352 1426; x_wconf 88' lang='lat' dir='ltr'>cari</span> <span class='ocrx_word' id='word_1_15' title='bbox 375 1349 469 1447; x_wconf 87' lang='lat' dir='ltr'>jussit</span> <span class='ocrx_word' id='word_1_16' title='bbox 497 1347 729 1437; x_wconf 80' lang='lat' dir='ltr'>amilitibus3</span> <span class='ocrx_word' id='word_1_17' title='bbox 764 1349 823 1424; x_wconf 90' lang='lat' dir='ltr'>sed</span> <span class='ocrx_word' id='word_1_18' title='bbox 847 1374 867 1423; x_wconf 88' lang='lat' dir='ltr'>a</span> <span class='ocrx_word' id='word_1_19' title='bbox 890 1348 1053 1448; x_wconf 76' lang='lat' dir='ltr'>judaeis,</span> <span class='ocrx_word' id='word_1_20' title='bbox 1076 1349 1315 1424; x_wconf 85' lang='lat' dir='ltr'>vehementer</span> <span class='ocrx_word' id='word_1_21' title='bbox 1337 1368 1500 1444; x_wconf 88' lang='lat' dir='ltr'>propter·</span> 
     </span>
     <span class='ocr_line' id='line_1_4' title="bbox 277 1443 1502 1539; baseline -0.007 -15"><span class='ocrx_word' id='word_1_22' title='bbox 277 1470 322 1524; x_wconf 83' lang='lat' dir='ltr'>ea</span> <span class='ocrx_word' id='word_1_23' title='bbox 347 1447 556 1535; x_wconf 84' lang='lat' dir='ltr'>conunotis,</span> <span class='ocrx_word' id='word_1_24' title='bbox 580 1446 616 1519; x_wconf 91' lang='lat' dir='ltr'>se</span> <span class='ocrx_word' id='word_1_25' title='bbox 641 1445 781 1518; x_wconf 84' lang='lat' dir='ltr'>exorari</span> <span class='ocrx_word' id='word_1_26' title='bbox 808 1446 911 1536; x_wconf 86' lang='lat' dir='ltr'>fivit,</span> <span class='ocrx_word' id='word_1_27' title='bbox 936 1465 974 1520; x_wconf 91' lang='lat' dir='ltr'>et</span> <span class='ocrx_word' id='word_1_28' title='bbox 998 1471 1038 1534; x_wconf 83' lang='lat' dir='ltr'>ea</span> <span class='ocrx_word' id='word_1_29' title='bbox 1060 1443 1220 1520; x_wconf 88' lang='lat' dir='ltr'>abstulit:</span> <span class='ocrx_word' id='word_1_30' title='bbox 1246 1447 1406 1532; x_wconf 81' lang='lat' dir='ltr'>alterurn,</span> <span class='ocrx_word' id='word_1_31' title='bbox 1430 1465 1502 1539; x_wconf 85' lang='lat' dir='ltr'>quo</span> 
     </span>
     <span class='ocr_line' id='line_1_5' title="bbox 278 1537 1503 1645; baseline -0.007 -28"><span class='ocrx_word' id='word_1_32' title='bbox 278 1538 457 1645; x_wconf 80' lang='lat' dir='ltr'>thesauros</span> <span class='ocrx_word' id='word_1_33' title='bbox 487 1540 629 1638; x_wconf 85' lang='lat' dir='ltr'>Templi</span> <span class='ocrx_word' id='word_1_34' title='bbox 656 1538 807 1631; x_wconf 78' lang='lat' dir='ltr'>invasit,</span> <span class='ocrx_word' id='word_1_35' title='bbox 833 1544 982 1616; x_wconf 87' lang='lat' dir='ltr'>obtentu</span> <span class='ocrx_word' id='word_1_36' title='bbox 1009 1539 1243 1640; x_wconf 72' lang='lat' dir='ltr'>aquaedudsus</span> <span class='ocrx_word' id='word_1_37' title='bbox 1266 1537 1421 1614; x_wconf 91' lang='lat' dir='ltr'>ducendi</span> <span class='ocrx_word' id='word_1_38' title='bbox 1437 1560 1503 1634; x_wconf 85' lang='lat' dir='ltr'>per</span> 
     </span>
     <span class='ocr_line' id='line_1_6' title="bbox 278 1635 1497 1745; baseline -0.007 -29"><span class='ocrx_word' id='word_1_39' title='bbox 278 1641 423 1727; x_wconf 83' lang='lat' dir='ltr'>urbem,</span> <span class='ocrx_word' id='word_1_40' title='bbox 463 1640 723 1745; x_wconf 69' lang='lat' dir='ltr'>populumque,</span> <span class='ocrx_word' id='word_1_41' title='bbox 768 1639 923 1735; x_wconf 83' lang='lat' dir='ltr'>querelas</span> <span class='ocrx_word' id='word_1_42' title='bbox 947 1636 1094 1712; x_wconf 86' lang='lat' dir='ltr'>adeum</span> <span class='ocrx_word' id='word_1_43' title='bbox 1121 1655 1313 1734; x_wconf 84' lang='lat' dir='ltr'>propterea</span> <span class='ocrx_word' id='word_1_44' title='bbox 1340 1635 1497 1709; x_wconf 88' lang='lat' dir='ltr'>deseren-</span> 
     </span>
     <span class='ocr_line' id='line_1_7' title="bbox 278 1727 1502 1844; baseline -0.006 -34"><span class='ocrx_word' id='word_1_45' title='bbox 278 1755 374 1844; x_wconf 81' lang='lat' dir='ltr'>tem,</span> <span class='ocrx_word' id='word_1_46' title='bbox 410 1730 545 1807; x_wconf 78' lang='lat' dir='ltr'>duriter</span> <span class='ocrx_word' id='word_1_47' title='bbox 571 1734 748 1808; x_wconf 74' lang='lat' dir='ltr'>tradiavit.</span> <span class='ocrx_word' id='word_1_48' title='bbox 795 1733 949 1808; x_wconf 84' lang='lat' dir='ltr'>Additur</span> <span class='ocrx_word' id='word_1_49' title='bbox 981 1739 1113 1842; x_wconf 79' lang='lat' dir='ltr'>tertium</span> <span class='ocrx_word' id='word_1_50' title='bbox 1140 1734 1215 1830; x_wconf 86' lang='lat' dir='ltr'>ejus</span> <span class='ocrx_word' id='word_1_51' title='bbox 1244 1731 1382 1806; x_wconf 81' lang='lat' dir='ltr'>facinus</span> <span class='ocrx_word' id='word_1_52' title='bbox 1412 1727 1502 1839; x_wconf 79' lang='lat' dir='ltr'>apud</span> 
     </span>
     <span class='ocr_line' id='line_1_8' title="bbox 275 1827 1498 1926; baseline -0.008 -18"><span class='ocrx_word' id='word_1_53' title='bbox 275 1830 366 1908; x_wconf 79' lang='lat' dir='ltr'>Phil.</span> <span class='ocrx_word' id='word_1_54' title='bbox 391 1827 413 1903; x_wconf 88' lang='lat'>1.</span> <span class='ocrx_word' id='word_1_55' title='bbox 439 1853 493 1920; x_wconf 87' lang='lat' dir='ltr'>c.,</span> <span class='ocrx_word' id='word_1_56' title='bbox 527 1849 668 1905; x_wconf 90' lang='lat' dir='ltr'>tacente</span> <span class='ocrx_word' id='word_1_57' title='bbox 693 1829 785 1924; x_wconf 79' lang='lat' dir='ltr'>Jos,</span> <span class='ocrx_word' id='word_1_58' title='bbox 819 1854 890 1926; x_wconf 93' lang='lat' dir='ltr'>quo</span> <span class='ocrx_word' id='word_1_59' title='bbox 906 1829 1009 1923; x_wconf 82' lang='lat' dir='ltr'>scuta</span> <span class='ocrx_word' id='word_1_60' title='bbox 1039 1831 1192 1904; x_wconf 78' lang='lat' dir='ltr'>Tiberio</span> <span class='ocrx_word' id='word_1_61' title='bbox 1212 1828 1429 1916; x_wconf 87' lang='lat' dir='ltr'>consecrata,</span> <span class='ocrx_word' id='word_1_62' title='bbox 1456 1829 1498 1899; x_wconf 89' lang='lat' dir='ltr'>lr-</span> 
     </span>
     <span class='ocr_line' id='line_1_9' title="bbox 190 1921 1498 2025; baseline -0.007 -24"><span class='ocrx_word' id='word_1_63' title='bbox 190 1929 194 1937; x_wconf 84' lang='lat'>&#39;</span> <span class='ocrx_word' id='word_1_64' title='bbox 277 1946 340 2016; x_wconf 87' lang='lat' dir='ltr'>cet</span> <span class='ocrx_word' id='word_1_65' title='bbox 365 1926 580 2025; x_wconf 85' lang='lat' dir='ltr'>imaginibus</span> <span class='ocrx_word' id='word_1_66' title='bbox 603 1924 786 2012; x_wconf 87' lang='lat' dir='ltr'>destituta,</span> <span class='ocrx_word' id='word_1_67' title='bbox 811 1925 849 1999; x_wconf 93' lang='lat' dir='ltr'>in</span> <span class='ocrx_word' id='word_1_68' title='bbox 933 1925 1008 1998; x_wconf 90' lang='lat' dir='ltr'>atio</span> <span class='ocrx_word' id='word_1_69' title='bbox 1033 1926 1277 2018; x_wconf 88' lang='lat' dir='ltr'>Hierosolym.</span> <span class='ocrx_word' id='word_1_70' title='bbox 1298 1921 1498 2019; x_wconf 86' lang='lat' dir='ltr'>suspendit,</span> 
     </span>
     <span class='ocr_line' id='line_1_10' title="bbox 276 2018 1498 2119; baseline -0.007 -19"><span class='ocrx_word' id='word_1_71' title='bbox 276 2024 339 2100; x_wconf 92' lang='lat' dir='ltr'>De</span> <span class='ocrx_word' id='word_1_72' title='bbox 371 2044 442 2119; x_wconf 87' lang='lat' dir='ltr'>quo</span> <span class='ocrx_word' id='word_1_73' title='bbox 466 2025 598 2097; x_wconf 83' lang='lat' dir='ltr'>certior</span> <span class='ocrx_word' id='word_1_74' title='bbox 625 2019 735 2096; x_wconf 70' lang='lat' dir='ltr'>lanus</span> <span class='ocrx_word' id='word_1_75' title='bbox 761 2022 929 2096; x_wconf 82' lang='lat' dir='ltr'>Tiberius</span> <span class='ocrx_word' id='word_1_76' title='bbox 957 2019 1071 2117; x_wconf 81' lang='lat' dir='ltr'>julsrt,</span> <span class='ocrx_word' id='word_1_77' title='bbox 1112 2041 1151 2095; x_wconf 88' lang='grc' dir='ltr'>ιιι</span> <span class='ocrx_word' id='word_1_78' title='bbox 1177 2019 1286 2103; x_wconf 90' lang='lat' dir='ltr'>alium</span> <span class='ocrx_word' id='word_1_79' title='bbox 1316 2018 1498 2093; x_wconf 88' lang='lat' dir='ltr'>inlocum</span> 
     </span>
     <span class='ocr_line' id='line_1_11' title="bbox 278 2116 1501 2215; baseline -0.009 -18"><span class='ocrx_word' id='word_1_80' title='bbox 278 2122 499 2197; x_wconf 83' lang='lat' dir='ltr'>transferret.</span> <span class='ocrx_word' id='word_1_81' title='bbox 545 2118 711 2215; x_wconf 91' lang='lat' dir='ltr'>Denique</span> <span class='ocrx_word' id='word_1_82' title='bbox 737 2141 818 2191; x_wconf 90' lang='lat' dir='ltr'>cum</span> <span class='ocrx_word' id='word_1_83' title='bbox 842 2117 880 2190; x_wconf 90' lang='lat' dir='ltr'>in</span> <span class='ocrx_word' id='word_1_84' title='bbox 894 2116 1148 2207; x_wconf 75' lang='lat' dir='ltr'>samaritanos,</span> <span class='ocrx_word' id='word_1_85' title='bbox 1175 2117 1325 2214; x_wconf 84' lang='lat' dir='ltr'>ingente</span> <span class='ocrx_word' id='word_1_86' title='bbox 1354 2138 1501 2189; x_wconf 89' lang='lat' dir='ltr'>nurnero</span> 
     </span>
     <span class='ocr_line' id='line_1_12' title="bbox 280 2212 1498 2310; baseline -0.009 -16"><span class='ocrx_word' id='word_1_87' title='bbox 280 2220 327 2294; x_wconf 82' lang='lat' dir='ltr'>ad</span> <span class='ocrx_word' id='word_1_88' title='bbox 354 2238 514 2290; x_wconf 90' lang='lat' dir='ltr'>montem</span> <span class='ocrx_word' id='word_1_89' title='bbox 535 2214 713 2305; x_wconf 89' lang='lat' dir='ltr'>Garizim,</span> <span class='ocrx_word' id='word_1_90' title='bbox 740 2217 782 2288; x_wconf 90' lang='lat' dir='ltr'>ab</span> <span class='ocrx_word' id='word_1_91' title='bbox 799 2214 917 2310; x_wconf 85' lang='lat' dir='ltr'>aliquo</span> <span class='ocrx_word' id='word_1_92' title='bbox 933 2212 1124 2310; x_wconf 89' lang='lat' dir='ltr'>deceptore</span> <span class='ocrx_word' id='word_1_93' title='bbox 1150 2215 1341 2301; x_wconf 89' lang='lat' dir='ltr'>incitatos,</span> <span class='ocrx_word' id='word_1_94' title='bbox 1366 2212 1498 2286; x_wconf 85' lang='lat' dir='ltr'>conflu-</span> 
     </span>
     <span class='ocr_line' id='line_1_13' title="bbox 279 2306 1497 2406; baseline -0.007 -19"><span class='ocrx_word' id='word_1_95' title='bbox 279 2333 405 2404; x_wconf 78' lang='lat' dir='ltr'>entes,</span> <span class='ocrx_word' id='word_1_96' title='bbox 431 2330 469 2385; x_wconf 90' lang='lat' dir='ltr'>ut</span> <span class='ocrx_word' id='word_1_97' title='bbox 489 2311 567 2386; x_wconf 88' lang='lat' dir='ltr'>vasa</span> <span class='ocrx_word' id='word_1_98' title='bbox 582 2313 692 2399; x_wconf 89' lang='lat' dir='ltr'>sacra,</span> <span class='ocrx_word' id='word_1_99' title='bbox 717 2333 738 2382; x_wconf 87' lang='lat' dir='ltr'>a</span> <span class='ocrx_word' id='word_1_100' title='bbox 756 2309 862 2385; x_wconf 91' lang='lat' dir='ltr'>Mose</span> <span class='ocrx_word' id='word_1_101' title='bbox 881 2308 932 2380; x_wconf 92' lang='lat' dir='ltr'>ibi</span> <span class='ocrx_word' id='word_1_102' title='bbox 952 2311 1146 2396; x_wconf 90' lang='lat' dir='ltr'>occultata,</span> <span class='ocrx_word' id='word_1_103' title='bbox 1170 2306 1392 2406; x_wconf 88' lang='lat' dir='ltr'>reperirent,</span> <span class='ocrx_word' id='word_1_104' title='bbox 1416 2330 1497 2405; x_wconf 90' lang='lat' dir='ltr'>quo·</span> 
     </span>
     <span class='ocr_line' id='line_1_14' title="bbox 277 2403 1502 2598; baseline -0.007 -18"><span class='ocrx_word' id='word_1_105' title='bbox 277 2409 518 2580; x_wconf 63' lang='lat' dir='ltr'>tentala</span> <span class='ocrx_word' id='word_1_106' title='bbox 533 2405 745 2597; x_wconf 51' lang='lat' dir='ltr'>laisan</span> <span class='ocrx_word' id='word_1_107' title='bbox 762 2403 1502 2598; x_wconf 54' lang='lat' dir='ltr'>alalaastellaxarlal:</span> 
     </span>
     <span class='ocr_line' id='line_1_15' title="bbox 279 2595 1501 2686; baseline -0.004 -10"><span class='ocrx_word' id='word_1_108' title='bbox 279 2600 338 2676; x_wconf 91' lang='lat' dir='ltr'>nis</span> <span class='ocrx_word' id='word_1_109' title='bbox 355 2598 491 2674; x_wconf 87' lang='lat' dir='ltr'>Caesari</span> <span class='ocrx_word' id='word_1_110' title='bbox 515 2599 675 2686; x_wconf 89' lang='lat' dir='ltr'>daturus,</span> <span class='ocrx_word' id='word_1_111' title='bbox 701 2595 760 2670; x_wconf 88' lang='lat' dir='ltr'>sed</span> <span class='ocrx_word' id='word_1_112' title='bbox 783 2596 827 2670; x_wconf 91' lang='lat' dir='ltr'>de</span> <span class='ocrx_word' id='word_1_113' title='bbox 843 2596 936 2670; x_wconf 89' lang='lat' dir='ltr'>sorte</span> <span class='ocrx_word' id='word_1_114' title='bbox 958 2595 1016 2669; x_wconf 89' lang='lat' dir='ltr'>sua</span> <span class='ocrx_word' id='word_1_115' title='bbox 1043 2598 1131 2669; x_wconf 90' lang='lat' dir='ltr'>male</span> <span class='ocrx_word' id='word_1_116' title='bbox 1151 2596 1350 2685; x_wconf 88' lang='lat' dir='ltr'>ominatus,</span> <span class='ocrx_word' id='word_1_117' title='bbox 1374 2597 1444 2670; x_wconf 86' lang='lat' dir='ltr'>iter</span> <span class='ocrx_word' id='word_1_118' title='bbox 1458 2595 1501 2671; x_wconf 88' lang='lat' dir='ltr'>ad</span> 
     </span>
     <span class='ocr_line' id='line_1_16' title="bbox 277 2691 1499 2790; baseline -0.004 -19"><span class='ocrx_word' id='word_1_119' title='bbox 277 2695 426 2771; x_wconf 88' lang='lat' dir='ltr'>Tiberii</span> <span class='ocrx_word' id='word_1_120' title='bbox 450 2691 723 2790; x_wconf 77' lang='lat' dir='ltr'>monemusque</span> <span class='ocrx_word' id='word_1_121' title='bbox 740 2692 936 2789; x_wconf 84' lang='lat' dir='ltr'>protraxit,</span> <span class='ocrx_word' id='word_1_122' title='bbox 960 2691 1042 2765; x_wconf 91' lang='lat' dir='ltr'>dein</span> <span class='ocrx_word' id='word_1_123' title='bbox 1060 2691 1097 2765; x_wconf 90' lang='lat' dir='ltr'>in</span> <span class='ocrx_word' id='word_1_124' title='bbox 1116 2707 1228 2766; x_wconf 87' lang='lat' dir='ltr'>tantas</span> <span class='ocrx_word' id='word_1_125' title='bbox 1251 2692 1416 2769; x_wconf 82' lang='lat' dir='ltr'>incidisse</span> <span class='ocrx_word' id='word_1_126' title='bbox 1434 2707 1499 2766; x_wconf 79' lang='lat' dir='ltr'>tra·</span> 
     </span>
     <span class='ocr_line' id='line_1_17' title="bbox 279 2786 1500 2884; baseline 0 -21"><span class='ocrx_word' id='word_1_127' title='bbox 279 2790 378 2865; x_wconf 90' lang='lat' dir='ltr'>ditur</span> <span class='ocrx_word' id='word_1_128' title='bbox 402 2793 444 2861; x_wconf 93' lang='lat' dir='ltr'>ab</span> <span class='ocrx_word' id='word_1_129' title='bbox 469 2790 549 2861; x_wconf 85' lang='lat' dir='ltr'>Eas.</span> <span class='ocrx_word' id='word_1_130' title='bbox 574 2790 625 2860; x_wconf 88' lang='lat' dir='ltr'>H.</span> <span class='ocrx_word' id='word_1_131' title='bbox 652 2791 694 2861; x_wconf 85' lang='lat' dir='ltr'>E.</span> <span class='ocrx_word' id='word_1_132' title='bbox 718 2790 741 2860; x_wconf 89' lang='lat' dir='ltr'>l.</span> <span class='ocrx_word' id='word_1_133' title='bbox 766 2791 812 2861; x_wconf 94' lang='lat' dir='ltr'>ll.</span> <span class='ocrx_word' id='word_1_134' title='bbox 838 2788 1074 2879; x_wconf 85' lang='lat' dir='ltr'>calamitates,</span> <span class='ocrx_word' id='word_1_135' title='bbox 1101 2807 1140 2861; x_wconf 90' lang='lat' dir='ltr'>ut</span> <span class='ocrx_word' id='word_1_136' title='bbox 1165 2787 1228 2861; x_wconf 89' lang='lat' dir='ltr'>srbi</span> <span class='ocrx_word' id='word_1_137' title='bbox 1255 2786 1324 2884; x_wconf 79' lang='lat' dir='ltr'>ipss</span> <span class='ocrx_word' id='word_1_138' title='bbox 1348 2811 1500 2864; x_wconf 86' lang='lat' dir='ltr'>mortem</span> 
     </span>
     <span class='ocr_line' id='line_1_18' title="bbox 279 2878 1499 2972; baseline 0 -12"><span class='ocrx_word' id='word_1_139' title='bbox 279 2883 516 2968; x_wconf 56' lang='lat' dir='ltr'>conscire-rit,</span> <span class='ocrx_word' id='word_1_140' title='bbox 550 2880 681 2954; x_wconf 91' lang='lat' dir='ltr'>addunt</span> <span class='ocrx_word' id='word_1_141' title='bbox 707 2878 786 2971; x_wconf 89' lang='lat' dir='ltr'>alii,</span> <span class='ocrx_word' id='word_1_142' title='bbox 822 2880 881 2955; x_wconf 91' lang='lat' dir='ltr'>sed</span> <span class='ocrx_word' id='word_1_143' title='bbox 909 2883 1050 2956; x_wconf 86' lang='lat' dir='ltr'>serioris</span> <span class='ocrx_word' id='word_1_144' title='bbox 1083 2882 1186 2972; x_wconf 88' lang='lat' dir='ltr'>aevi,</span> <span class='ocrx_word' id='word_1_145' title='bbox 1219 2883 1309 2959; x_wconf 82' lang='lat' dir='ltr'>illud</span> <span class='ocrx_word' id='word_1_146' title='bbox 1330 2885 1499 2960; x_wconf 86' lang='lat' dir='ltr'>Viennae</span> 
     </span>
     <span class='ocr_line' id='line_1_19' title="bbox 276 2976 1502 3091; baseline 0.002 -35"><span class='ocrx_word' id='word_1_147' title='bbox 276 2980 317 3056; x_wconf 89' lang='lat' dir='ltr'>in</span> <span class='ocrx_word' id='word_1_148' title='bbox 335 2976 475 3082; x_wconf 65' lang='lat' dir='ltr'>exisse,</span> <span class='ocrx_word' id='word_1_149' title='bbox 494 3000 565 3073; x_wconf 88' lang='lat' dir='ltr'>quo</span> <span class='ocrx_word' id='word_1_150' title='bbox 585 2979 757 3091; x_wconf 72' lang='lat' dir='ltr'>relegatus</span> <span class='ocrx_word' id='word_1_151' title='bbox 775 2976 893 3052; x_wconf 85' lang='lat' dir='ltr'>suisset</span> <span class='ocrx_word' id='word_1_152' title='bbox 911 3003 931 3051; x_wconf 90' lang='lat' dir='ltr'>a</span> <span class='ocrx_word' id='word_1_153' title='bbox 951 2983 1060 3075; x_wconf 80' lang='lat' dir='ltr'>Cajo,</span> <span class='ocrx_word' id='word_1_154' title='bbox 1083 2978 1293 3075; x_wconf 83' lang='lat' dir='ltr'>contigisse:</span> <span class='ocrx_word' id='word_1_155' title='bbox 1319 2980 1402 3070; x_wconf 91' lang='lat' dir='ltr'>sed,</span> <span class='ocrx_word' id='word_1_156' title='bbox 1422 3007 1502 3058; x_wconf 89' lang='lat' dir='ltr'>curn</span> 
     </span>
     <span class='ocr_line' id='line_1_20' title="bbox 279 3073 1500 3169; baseline 0.004 -19"><span class='ocrx_word' id='word_1_157' title='bbox 279 3074 459 3165; x_wconf 78' lang='lat' dir='ltr'>Origenes</span> <span class='ocrx_word' id='word_1_158' title='bbox 482 3073 527 3147; x_wconf 92' lang='lat' dir='ltr'>de</span> <span class='ocrx_word' id='word_1_159' title='bbox 553 3074 620 3145; x_wconf 92' lang='lat' dir='ltr'>hac</span> <span class='ocrx_word' id='word_1_160' title='bbox 644 3098 719 3169; x_wconf 82' lang='lat' dir='ltr'>eJus</span> <span class='ocrx_word' id='word_1_161' title='bbox 744 3098 832 3147; x_wconf 90' lang='lat' dir='ltr'>nece</span> <span class='ocrx_word' id='word_1_162' title='bbox 858 3073 948 3146; x_wconf 91' lang='lat' dir='ltr'>nihil</span> <span class='ocrx_word' id='word_1_163' title='bbox 971 3074 1175 3166; x_wconf 89' lang='lat' dir='ltr'>resciverit,</span> <span class='ocrx_word' id='word_1_164' title='bbox 1216 3096 1257 3150; x_wconf 86' lang='lat' dir='ltr'>ut</span> <span class='ocrx_word' id='word_1_165' title='bbox 1283 3099 1330 3150; x_wconf 87' lang='lat' dir='ltr'>ex</span> <span class='ocrx_word' id='word_1_166' title='bbox 1364 3079 1426 3152; x_wconf 83' lang='lat' dir='ltr'>lib.</span> <span class='ocrx_word' id='word_1_167' title='bbox 1451 3082 1500 3155; x_wconf 87' lang='lat' dir='ltr'>ll.</span> 
     </span>
     <span class='ocr_line' id='line_1_21' title="bbox 277 3167 1499 3266; baseline 0.002 -21"><span class='ocrx_word' id='word_1_168' title='bbox 277 3188 405 3245; x_wconf 88' lang='lat' dir='ltr'>contra</span> <span class='ocrx_word' id='word_1_169' title='bbox 425 3170 559 3241; x_wconf 77' lang='lat' dir='ltr'>Celsum</span> <span class='ocrx_word' id='word_1_170' title='bbox 585 3167 717 3264; x_wconf 90' lang='lat' dir='ltr'>liquet,</span> <span class='ocrx_word' id='word_1_171' title='bbox 744 3171 804 3242; x_wconf 89' lang='lat' dir='ltr'>ubi</span> <span class='ocrx_word' id='word_1_172' title='bbox 822 3170 922 3242; x_wconf 88' lang='lat' dir='ltr'>Celso</span> <span class='ocrx_word' id='word_1_173' title='bbox 947 3171 1157 3266; x_wconf 86' lang='lat' dir='ltr'>objicienti,</span> <span class='ocrx_word' id='word_1_174' title='bbox 1182 3172 1330 3263; x_wconf 79' lang='lat' dir='ltr'>Pilatum</span> <span class='ocrx_word' id='word_1_175' title='bbox 1358 3198 1428 3248; x_wconf 89' lang='lat' dir='ltr'>non</span> <span class='ocrx_word' id='word_1_176' title='bbox 1444 3175 1499 3248; x_wconf 91' lang='lat' dir='ltr'>su·</span> 
     </span>
     <span class='ocr_line' id='line_1_22' title="bbox 277 3262 1501 3363; baseline 0.001 -18"><span class='ocrx_word' id='word_1_177' title='bbox 277 3266 343 3345; x_wconf 81' lang='lat' dir='ltr'>isse</span> <span class='ocrx_word' id='word_1_178' title='bbox 369 3291 389 3340; x_wconf 93' lang='lat' dir='ltr'>a</span> <span class='ocrx_word' id='word_1_179' title='bbox 414 3265 495 3338; x_wconf 88' lang='lat' dir='ltr'>Deo</span> <span class='ocrx_word' id='word_1_180' title='bbox 517 3262 703 3359; x_wconf 90' lang='lat' dir='ltr'>punitum,</span> <span class='ocrx_word' id='word_1_181' title='bbox 746 3264 834 3337; x_wconf 93' lang='lat' dir='ltr'>nihil</span> <span class='ocrx_word' id='word_1_182' title='bbox 869 3262 960 3339; x_wconf 87' lang='lat' dir='ltr'>aliud</span> <span class='ocrx_word' id='word_1_183' title='bbox 994 3266 1202 3363; x_wconf 91' lang='lat' dir='ltr'>respondet,</span> <span class='ocrx_word' id='word_1_184' title='bbox 1234 3290 1276 3342; x_wconf 91' lang='lat' dir='ltr'>ac</span> <span class='ocrx_word' id='word_1_185' title='bbox 1302 3269 1437 3345; x_wconf 89' lang='lat' dir='ltr'>facinus</span> <span class='ocrx_word' id='word_1_186' title='bbox 1461 3273 1501 3345; x_wconf 90' lang='lat' dir='ltr'>in</span> 
     </span>
     <span class='ocr_line' id='line_1_23' title="bbox 280 3360 1499 3461; baseline 0.006 -25"><span class='ocrx_word' id='word_1_187' title='bbox 280 3361 458 3461; x_wconf 72' lang='lat' dir='ltr'>Christum</span> <span class='ocrx_word' id='word_1_188' title='bbox 484 3360 623 3457; x_wconf 90' lang='lat' dir='ltr'>Judaeis</span> <span class='ocrx_word' id='word_1_189' title='bbox 648 3360 759 3458; x_wconf 85' lang='lat' dir='ltr'>magis</span> <span class='ocrx_word' id='word_1_190' title='bbox 786 3384 886 3456; x_wconf 89' lang='lat' dir='ltr'>quam</span> <span class='ocrx_word' id='word_1_191' title='bbox 903 3363 1016 3437; x_wconf 89' lang='lat' dir='ltr'>Pilato</span> <span class='ocrx_word' id='word_1_192' title='bbox 1044 3361 1113 3436; x_wconf 82' lang='lat' dir='ltr'>esse</span> <span class='ocrx_word' id='word_1_193' title='bbox 1140 3363 1386 3456; x_wconf 89' lang='lat' dir='ltr'>tribuendum,</span> <span class='ocrx_word' id='word_1_194' title='bbox 1412 3371 1499 3443; x_wconf 90' lang='lat' dir='ltr'>nulla</span> 
     </span>
     <span class='ocr_line' id='line_1_24' title="bbox 276 3455 1500 3652; baseline 0.005 -23"><span class='ocrx_word' id='word_1_195' title='bbox 276 3457 598 3629; x_wconf 59' lang='lat' dir='ltr'>lldltnllsd.</span> <span class='ocrx_word' id='word_1_196' title='bbox 611 3456 705 3628; x_wconf 62' lang='lat' dir='ltr'>siffis</span> <span class='ocrx_word' id='word_1_197' title='bbox 726 3455 1384 3652; x_wconf 58' lang='lat' dir='ltr'>lfilsslllnllllsllnllldlld</span> <span class='ocrx_word' id='word_1_198' title='bbox 1400 3487 1500 3636; x_wconf 66' lang='grc' dir='ltr'>ἶὶἷὲῗ</span> 
     </span>
    </p>

    <p class='ocr_par' dir='ltr' id='par_1_3' title="bbox 279 3585 1456 3749">
     <span class='ocr_line' id='line_1_25' title="bbox 279 3585 1456 3749; baseline 0.011 -29"><span class='ocrx_word' id='word_1_199' title='bbox 279 3669 357 3725; x_wconf 88' lang='lat' dir='ltr'>tum</span> <span class='ocrx_word' id='word_1_200' title='bbox 385 3649 589 3736; x_wconf 83' lang='lat' dir='ltr'>addidisset,</span> <span class='ocrx_word' id='word_1_201' title='bbox 606 3610 675 3745; x_wconf 60' lang='lat' dir='ltr'>’qui</span> <span class='ocrx_word' id='word_1_202' title='bbox 700 3648 899 3745; x_wconf 87' lang='lat' dir='ltr'>Olympiad.</span> <span class='ocrx_word' id='word_1_203' title='bbox 924 3669 961 3722; x_wconf 89' lang='lat' dir='ltr'>et</span> <span class='ocrx_word' id='word_1_204' title='bbox 980 3651 1134 3724; x_wconf 83' lang='lat' dir='ltr'>Annales</span> <span class='ocrx_word' id='word_1_205' title='bbox 1159 3585 1456 3749; x_wconf 74' lang='lat' dir='ltr'>conscripserisnt.</span> 
     </span>
    </p>

    <p class='ocr_par' dir='ltr' id='par_1_4' title="bbox 280 3742 1500 4700">
     <span class='ocr_line' id='line_1_26' title="bbox 327 3742 1500 3846; baseline 0.015 -35"><span class='ocrx_word' id='word_1_206' title='bbox 327 3743 358 3843; x_wconf 74' lang='lat'>§.</span> <span class='ocrx_word' id='word_1_207' title='bbox 383 3742 597 3817; x_wconf 88' lang='lat' dir='ltr'>DXXVIll.</span> <span class='ocrx_word' id='word_1_208' title='bbox 630 3748 755 3840; x_wconf 87' lang='lat' dir='ltr'>Longe</span> <span class='ocrx_word' id='word_1_209' title='bbox 782 3745 953 3818; x_wconf 87' lang='lat' dir='ltr'>incertius</span> <span class='ocrx_word' id='word_1_210' title='bbox 977 3745 1050 3835; x_wconf 88' lang='lat' dir='ltr'>est,</span> <span class='ocrx_word' id='word_1_211' title='bbox 1078 3749 1170 3843; x_wconf 91' lang='lat' dir='ltr'>quod</span> <span class='ocrx_word' id='word_1_212' title='bbox 1195 3749 1239 3820; x_wconf 91' lang='lat' dir='ltr'>de</span> <span class='ocrx_word' id='word_1_213' title='bbox 1267 3756 1350 3825; x_wconf 67' lang='lat' dir='ltr'>udis</span> <span class='ocrx_word' id='word_1_214' title='bbox 1377 3754 1500 3846; x_wconf 87' lang='lat' dir='ltr'>Pilati,</span> 
     </span>
     <span class='ocr_line' id='line_1_27' title="bbox 280 3838 1495 3940; baseline 0.007 -23"><span class='ocrx_word' id='word_1_215' title='bbox 280 3840 325 3917; x_wconf 82' lang='lat' dir='ltr'>ad</span> <span class='ocrx_word' id='word_1_216' title='bbox 341 3838 527 3911; x_wconf 89' lang='lat' dir='ltr'>Tiberium</span> <span class='ocrx_word' id='word_1_217' title='bbox 545 3842 671 3932; x_wconf 83' lang='lat' dir='ltr'>millis,</span> <span class='ocrx_word' id='word_1_218' title='bbox 694 3841 860 3929; x_wconf 84' lang='lat' dir='ltr'>traditur,</span> <span class='ocrx_word' id='word_1_219' title='bbox 886 3840 1012 3938; x_wconf 87' lang='lat' dir='ltr'>quibus</span> <span class='ocrx_word' id='word_1_220' title='bbox 1027 3843 1180 3916; x_wconf 86' lang='lat' dir='ltr'>Christus</span> <span class='ocrx_word' id='word_1_221' title='bbox 1196 3847 1298 3919; x_wconf 87' lang='lat' dir='ltr'>valde</span> <span class='ocrx_word' id='word_1_222' title='bbox 1317 3850 1495 3940; x_wconf 87' lang='lat' dir='ltr'>laudatur,</span> 
     </span>
     <span class='ocr_line' id='line_1_28' title="bbox 281 3936 1498 4034; baseline 0.008 -22"><span class='ocrx_word' id='word_1_223' title='bbox 281 3948 322 4012; x_wconf 83' lang='lat' dir='ltr'>et</span> <span class='ocrx_word' id='word_1_224' title='bbox 347 3936 493 4020; x_wconf 87' lang='lat' dir='ltr'>Pilatus,</span> <span class='ocrx_word' id='word_1_225' title='bbox 533 3937 609 4028; x_wconf 85' lang='lat' dir='ltr'>ejus</span> <span class='ocrx_word' id='word_1_226' title='bbox 632 3937 967 4011; x_wconf 85' lang='lat' dir='ltr'>condemnationem</span> <span class='ocrx_word' id='word_1_227' title='bbox 999 3937 1061 4010; x_wconf 86' lang='lat' dir='ltr'>srbi</span> <span class='ocrx_word' id='word_1_228' title='bbox 1085 3965 1105 4012; x_wconf 94' lang='lat' dir='ltr'>a</span> <span class='ocrx_word' id='word_1_229' title='bbox 1129 3940 1288 4034; x_wconf 87' lang='lat' dir='ltr'>Judaeis,</span> <span class='ocrx_word' id='word_1_230' title='bbox 1322 3965 1423 4019; x_wconf 90' lang='lat' dir='ltr'>metu</span> <span class='ocrx_word' id='word_1_231' title='bbox 1449 3949 1498 4022; x_wconf 89' lang='lat' dir='ltr'>se·</span> 
     </span>
     <span class='ocr_line' id='line_1_29' title="bbox 280 4025 1497 4133; baseline 0.008 -25"><span class='ocrx_word' id='word_1_232' title='bbox 280 4025 432 4108; x_wconf 88' lang='lat' dir='ltr'>ditionis</span> <span class='ocrx_word' id='word_1_233' title='bbox 464 4027 533 4102; x_wconf 83' lang='lat' dir='ltr'>elle</span> <span class='ocrx_word' id='word_1_234' title='bbox 570 4051 767 4122; x_wconf 83' lang='lat' dir='ltr'>extortam,</span> <span class='ocrx_word' id='word_1_235' title='bbox 810 4037 983 4124; x_wconf 86' lang='lat' dir='ltr'>declarat,</span> <span class='ocrx_word' id='word_1_236' title='bbox 1018 4054 1060 4108; x_wconf 90' lang='lat' dir='ltr'>ut</span> <span class='ocrx_word' id='word_1_237' title='bbox 1091 4035 1161 4109; x_wconf 90' lang='lat' dir='ltr'>sese</span> <span class='ocrx_word' id='word_1_238' title='bbox 1193 4037 1285 4133; x_wconf 90' lang='lat' dir='ltr'>apud</span> <span class='ocrx_word' id='word_1_239' title='bbox 1317 4042 1497 4119; x_wconf 88' lang='lat' dir='ltr'>Caesarem</span> 
     </span>
     <span class='ocr_line' id='line_1_30' title="bbox 280 4122 1497 4235; baseline 0.007 -32"><span class='ocrx_word' id='word_1_240' title='bbox 280 4130 475 4203; x_wconf 85' lang='lat' dir='ltr'>excusaret.</span> <span class='ocrx_word' id='word_1_241' title='bbox 528 4122 712 4218; x_wconf 77' lang='lat' dir='ltr'>Additur,</span> <span class='ocrx_word' id='word_1_242' title='bbox 759 4127 976 4219; x_wconf 87' lang='lat' dir='ltr'>Tiberium,</span> <span class='ocrx_word' id='word_1_243' title='bbox 1025 4130 1092 4204; x_wconf 92' lang='lat' dir='ltr'>hac</span> <span class='ocrx_word' id='word_1_244' title='bbox 1119 4132 1292 4206; x_wconf 86' lang='lat' dir='ltr'>relatione</span> <span class='ocrx_word' id='word_1_245' title='bbox 1317 4160 1497 4235; x_wconf 83' lang='lat' dir='ltr'>accepta,</span> 
     </span>
     <span class='ocr_line' id='line_1_31' title="bbox 280 4216 1496 4313; baseline 0.008 -14"><span class='ocrx_word' id='word_1_246' title='bbox 280 4222 459 4299; x_wconf 82' lang='lat' dir='ltr'>Christum</span> <span class='ocrx_word' id='word_1_247' title='bbox 484 4216 629 4295; x_wconf 80' lang='lat' dir='ltr'>voluisse</span> <span class='ocrx_word' id='word_1_248' title='bbox 655 4246 674 4292; x_wconf 92' lang='lat' dir='ltr'>a</span> <span class='ocrx_word' id='word_1_249' title='bbox 703 4226 833 4296; x_wconf 84' lang='lat' dir='ltr'>Senatu</span> <span class='ocrx_word' id='word_1_250' title='bbox 870 4225 964 4298; x_wconf 89' lang='lat' dir='ltr'>inter</span> <span class='ocrx_word' id='word_1_251' title='bbox 989 4227 1086 4299; x_wconf 89' lang='lat' dir='ltr'>Deos</span> <span class='ocrx_word' id='word_1_252' title='bbox 1110 4229 1257 4313; x_wconf 88' lang='lat' dir='ltr'>referri,</span> <span class='ocrx_word' id='word_1_253' title='bbox 1301 4228 1361 4305; x_wconf 88' lang='lat' dir='ltr'>sed</span> <span class='ocrx_word' id='word_1_254' title='bbox 1398 4260 1496 4312; x_wconf 86' lang='lat' dir='ltr'>recu·</span> 
     </span>
     <span class='ocr_line' id='line_1_32' title="bbox 281 4315 1498 4427; baseline 0.003 -30"><span class='ocrx_word' id='word_1_255' title='bbox 281 4319 366 4398; x_wconf 82' lang='lat' dir='ltr'>salse</span> <span class='ocrx_word' id='word_1_256' title='bbox 384 4320 560 4391; x_wconf 76' lang='lat' dir='ltr'>Senatum.</span> <span class='ocrx_word' id='word_1_257' title='bbox 607 4315 824 4390; x_wconf 89' lang='lat' dir='ltr'>Provocatnr</span> <span class='ocrx_word' id='word_1_258' title='bbox 848 4320 889 4390; x_wconf 91' lang='lat' dir='ltr'>ad</span> <span class='ocrx_word' id='word_1_259' title='bbox 909 4319 998 4415; x_wconf 85' lang='lat' dir='ltr'>Just.</span> <span class='ocrx_word' id='word_1_260' title='bbox 1024 4321 1135 4397; x_wconf 89' lang='lat' dir='ltr'>Mart.</span> <span class='ocrx_word' id='word_1_261' title='bbox 1160 4325 1266 4422; x_wconf 85' lang='lat' dir='ltr'>Apol.</span> <span class='ocrx_word' id='word_1_262' title='bbox 1288 4326 1316 4399; x_wconf 90' lang='lat'>1.</span> <span class='ocrx_word' id='word_1_263' title='bbox 1344 4352 1421 4427; x_wconf 91' lang='lat' dir='ltr'>cap.</span> <span class='ocrx_word' id='word_1_264' title='bbox 1438 4357 1498 4425; x_wconf 84' lang='lat'>45.</span> 
     </span>
     <span class='ocr_line' id='line_1_33' title="bbox 282 4412 1494 4524; baseline 0.01 -34"><span class='ocrx_word' id='word_1_265' title='bbox 282 4413 432 4490; x_wconf 78' lang='lat' dir='ltr'>Tertull.</span> <span class='ocrx_word' id='word_1_266' title='bbox 458 4414 563 4508; x_wconf 77' lang='lat' dir='ltr'>Apol.</span> <span class='ocrx_word' id='word_1_267' title='bbox 590 4437 621 4487; x_wconf 82' lang='lat' dir='ltr'>c.</span> <span class='ocrx_word' id='word_1_268' title='bbox 648 4434 683 4502; x_wconf 84' lang='lat'>5,</span> <span class='ocrx_word' id='word_1_269' title='bbox 711 4432 767 4484; x_wconf 82' lang='lat'>21.</span> <span class='ocrx_word' id='word_1_270' title='bbox 794 4412 918 4484; x_wconf 84' lang='lat' dir='ltr'>Euseb.</span> <span class='ocrx_word' id='word_1_271' title='bbox 945 4416 995 4487; x_wconf 93' lang='lat' dir='ltr'>H.</span> <span class='ocrx_word' id='word_1_272' title='bbox 1020 4417 1062 4490; x_wconf 88' lang='grc' dir='ltr'>Ε.</span> <span class='ocrx_word' id='word_1_273' title='bbox 1089 4421 1109 4491; x_wconf 88' lang='lat'>1.</span> <span class='ocrx_word' id='word_1_274' title='bbox 1138 4421 1184 4494; x_wconf 91' lang='lat' dir='ltr'>ll.</span> <span class='ocrx_word' id='word_1_275' title='bbox 1236 4418 1384 4499; x_wconf 82' lang='lat' dir='ltr'>Exstant</span> <span class='ocrx_word' id='word_1_276' title='bbox 1409 4451 1494 4524; x_wconf 89' lang='lat' dir='ltr'>quo·</span> 
     </span>
     <span class='ocr_line' id='line_1_34' title="bbox 281 4504 1497 4642; baseline 0.009 -51"><span class='ocrx_word' id='word_1_277' title='bbox 281 4535 350 4642; x_wconf 62' lang='lat' dir='ltr'>pue</span> <span class='ocrx_word' id='word_1_278' title='bbox 374 4509 512 4589; x_wconf 81' lang='lat' dir='ltr'>litterae</span> <span class='ocrx_word' id='word_1_279' title='bbox 527 4509 635 4590; x_wconf 84' lang='lat' dir='ltr'>Pilati</span> <span class='ocrx_word' id='word_1_280' title='bbox 645 4509 690 4591; x_wconf 84' lang='lat' dir='ltr'>ad</span> <span class='ocrx_word' id='word_1_281' title='bbox 710 4504 895 4590; x_wconf 83' lang='lat' dir='ltr'>Tiberium</span> <span class='ocrx_word' id='word_1_282' title='bbox 914 4510 1006 4609; x_wconf 86' lang='lat' dir='ltr'>apud</span> <span class='ocrx_word' id='word_1_283' title='bbox 1021 4507 1053 4590; x_wconf 81' lang='lat' dir='ltr'>F</span> <span class='ocrx_word' id='word_1_284' title='bbox 1052 4512 1225 4599; x_wconf 72' lang='lat' dir='ltr'>strictum</span> <span class='ocrx_word' id='word_1_285' title='bbox 1249 4519 1337 4600; x_wconf 80' lang='lat' dir='ltr'>eod.</span> <span class='ocrx_word' id='word_1_286' title='bbox 1361 4523 1397 4596; x_wconf 91' lang='lat' dir='ltr'>A</span> <span class='ocrx_word' id='word_1_287' title='bbox 1425 4549 1497 4604; x_wconf 88' lang='lat' dir='ltr'>ocr.</span> 
     </span>
     <span class='ocr_line' id='line_1_35' title="bbox 358 4628 1492 4700; baseline -0.002 2"><span class='ocrx_word' id='word_1_288' title='bbox 358 4639 371 4682; x_wconf 52' lang='grc' dir='ltr'><em>Ι</em></span> <span class='ocrx_word' id='word_1_289' title='bbox 789 4645 793 4652; x_wconf 44' lang='lat'>¹</span> <span class='ocrx_word' id='word_1_290' title='bbox 1186 4668 1188 4670; x_wconf 80' lang='grc'>’</span> <span class='ocrx_word' id='word_1_291' title='bbox 1411 4676 1423 4700; x_wconf 73' lang='lat'>0</span> <span class='ocrx_word' id='word_1_292' title='bbox 1450 4628 1492 4700; x_wconf 38' lang='lat' dir='ltr'>&#39;fn</span> 
     </span>
    </p>
   </div>
   <div class='ocr_carea' id='block_1_3' title="bbox 0 0 1794 5884">
    <p class='ocr_par' dir='ltr' id='par_1_5' title="bbox 0 0 1794 5884">
     <span class='ocr_line' id='line_1_36' title="bbox 0 0 1794 5884; baseline 0 0"><span class='ocrx_word' id='word_1_293' title='bbox 0 0 1794 5884; x_wconf 95' lang='lat' dir='ltr'> </span> 
     </span>
    </p>
   </div>
  </div>
 </body>
</html>
