3575 5884
253 1060 350 1151 578
563 1088 570 1103 ·
622 1038 770 1147 fflstoriae
791 1039 1092 1143 Ecclesiasticus<
1120 1040 1176 1119 Y..
1457 1112 1459 1117 .
1532 892 1536 1143 i

277 1239 343 1313 bet
368 1225 535 1317 traditio,
562 1227 661 1321 cujus
681 1223 848 1298 meminit
873 1222 1000 1299 Euseb.
1036 1224 1087 1299 H.
1120 1222 1163 1297 E.
1192 1214 1259 1297 ils:
1285 1239 1323 1313 5.
1340 1218 1391 1298 'et
1413 1218 1488 1321 Epi·

278 1327 563 1429 phaniurHaer.
588 1322 714 1394 Nazar.
740 1319 851 1394 aede
874 1319 1023 1394 Ponder.
1048 1339 1086 1394 et
1101 1319 1244 1408 Mens,
1270 1316 1487 1408 Christiana,

281 1427 435 1509 oraculo,
462 1440 500 1492 ut
522 1413 711 1505 Eusebius,
736 1418 796 1491 vel
821 1418 864 1489 ab
881 1417 1042 1514 Angelo‚
1070 1435 1108 1488 ut
1125 1412 1371 1512 Epiphanius,
1393 1414 1491 1489 muni·

283 1540 362 1608 tor,
389 1538 492 1602 tunc,
519 1509 769 1609 Hierosolyma
785 1510 976 1602 derelidia,
1001 1511 1098 1585 sedes
1115 1513 1190 1584 suas
1209 1509 1419 1586 transtulisse
1434 1510 1491 1585 Pd-

282 1620 372 1703 lam,
406 1632 496 1682 trans
523 1605 738 1700 Jotdunem,
764 1608 803 1682 in
831 1608 996 1682 confiniis
1023 1606 1241 1702 Decapoliot
1266 1627 1306 1678 et
1332 1609 1490 1691 Peraeatt

283 1737 329 1810 qu
393 1702 574 1868 Agrippae
597 1701 770 1796 junioris,
796 1704 840 1812 de
867 1727 938 1801 quo
963 1701 1105 1802 postea,
1129 1701 1199 1785 fuit
1223 1698 1341 1792 diti03
1368 1703 1430 1778 ubi
1454 1724 1495 1779 u·

282 1828 321 1880 tu
383 1804 478 1873 nacti
523 1816 650 1870 uerunt
677 1800 891 1895 perfugium.
1468 1874 1471 1879 ,

326 1898 362 1998 §.
389 1896 545 1969 DLVII.
579 1894 736 1968 Gravitas
763 1895 968 1969 calamitatis
995 1892 1109 1987 major
1126 1889 1177 1965 est
1201 1914 1306 1987 quarn
1334 1890 1494 1983 describi,

281 1989 716 2182 erraveris.
731 1992 848 2160 rut
863 1992 912 2159 rr
929 1987 1101 2158 tritt
1125 1985 1496 2183 iuuante

336 2120 355 2164 ἰ’
463 2142 474 2172 r
1086 2135 1098 2173 θ

282 2188 393 2265 Matr.
426 2181 563 2255 XXIV.
607 2200 644 2252 et
675 2183 761 2255 Luc.
796 2183 894 2257 XXI.
937 2179 1019 2277 ipsis
1053 2176 1171 2253 verbis
1206 2177 1285 2251 talis
1321 2178 1495 2256 declarata.

281 2282 464 2360 Proser-um
490 2275 653 2348 nonnulla
669 2276 870 2372 specimina.
921 2300 953 2352 1.
979 2275 1104 2349 Omnis
1122 2271 1264 2371 generis
1280 2275 1393 2367 mala,
1418 2297 1495 2373 quae

281 2377 488 2457 mortalibus
523 2369 668 2443 evenire
699 2371 862 2467 possunt,
903 2372 1055 2469 perpessi
1093 2370 1174 2444 sunt
1206 2368 1346 2444 summo
1389 2372 1500 2542 §ndu

282 2470 386 2551 Foris
411 2466 594 2567 grassatum
621 2464 688 2538 suit
706 2466 859 2559 serrum,
883 2466 978 2541 intur
1003 2464 1167 2541 diriffirna
1193 2463 1327 2555 fana,
1352 2464 1392 2540 in
1418 2489 1497 2565 eque

282 2590 322 2646 et
352 2564 490 2642 aliunde
528 2579 605 2633 orta
635 2563 802 2661 contagio
835 2561 1094 2658 pestilentialis,
1134 2578 1173 2634 et
1197 2578 1321 2635 rnutua
1355 2562 1498 2640 lanient.

283 2665 343 2742 De
367 2663 459 2737 fame
482 2658 543 2754 qui
568 2657 638 2753 Jos.
664 2660 701 2731 B.
726 2661 758 2755 J.
783 2659 805 2733 l.
832 2662 902 2735 Vl:
930 2680 962 2753 3.
987 2677 1026 2732 et
1050 2680 1096 2732 ex
1120 2653 1261 2729 eoEus.
1287 2657 1341 2733 H.
1366 2658 1411 2735 E.
1435 2654 1496 2735 111.

280 2760 429 2856 legerit,
467 2754 690 2826 exhorrescat
715 2752 852 2826 necesse
876 2751 951 2828 est:
993 2753 1086 2829 unde
1114 2750 1225 2825 etiam
1245 2750 1407 2846 conflat,
1439 2774 1499 2852 qua

281 2854 421 2933 ratione
450 2847 488 2919 in
513 2847 657 2942 propria
692 2846 882 2923 saevierint
905 2848 1062 2939 viscera,
1104 2847 1269 2922 caedibus
1293 2866 1335 2921 et
1367 2851 1497 2948 rapinis

282 2948 403 3028 omnia
426 2941 636 3029 miscentes;
677 2967 847 3042 quamque
872 2945 997 3020 misere
1025 2944 1108 3020 dein
1134 2967 1155 3016 a
1177 2943 1353 3018 Romanis
1372 2945 1500 3024 suerint

280 3038 441 3129 traditati,
468 3037 595 3128 occist,
621 3041 805 3130 crucifixi,
830 3042 989 3130 venditi,
1014 3041 1052 3114 in
1078 3038 1296 3133 triumphum
1324 3040 1445 3135 ducti,
1468 3061 1500 3118 er

171 3130 189 3147 “
280 3139 381 3219 varie
411 3133 571 3208 cruciati.
623 3137 721 3208 Urbe
746 3156 970 3236 expugnata,
997 3156 1035 3208 et
1058 3134 1242 3207 innumera
1266 3135 1376 3209 caede
1393 3141 1499 3237 reple·

280 3257 341 3331 ta,
368 3255 511 3318 ornnes,
536 3228 595 3326 qui
614 3227 837 3324 supererant,
862 3252 900 3304 et
923 3232 961 3305 in
986 3230 1090 3305 armis
1117 3247 1239 3319 erant,
1267 3230 1376 3306 occisi
1406 3236 1498 3325 sunt,

282 3334 434 3432 reliqui,
468 3350 614 3424 quorum
639 3349 763 3421 magna
786 3346 860 3400 erat
884 3327 1010 3425 copia,
1044 3326 1103 3423 qui
1131 3344 1255 3399 mutuo
1281 3325 1421 3404 indicio
1444 3332 1499 3405 de·

311 3427 449 3504 rehensr
473 3429 550 3500 sunt
573 3420 725 3497 seditiosi
751 3441 789 3495 et
815 3425 990 3513 latrones,
1024 3422 1105 3496 neci
1131 3423 1211 3495 sunt
1235 3420 1334 3514 dati,
1356 3428 1500 3523 juvenes

282 3460 387 3610 desti,
416 3541 454 3596 et
472 3519 683 3619 praestantes
699 3522 916 3617 proceritate
933 3544 975 3594 ac
992 3519 1124 3605 forma,
1151 3515 1336 3612 triumpho
1352 3523 1498 3614 servati,

285 3646 332 3698 ex
357 3618 491 3713 reliqua
514 3615 762 3706 multitudine,
786 3617 885 3691 annis
913 3639 956 3710 17
980 3615 1129 3711 majores
1151 3613 1190 3686 in
1215 3613 1436 3716 AEgypturn
1460 3616 1500 3693 ud

282 3713 419 3794 metalla
451 3712 648 3787 exercenda
672 3713 759 3786 miffi
794 3714 892 3801 sunt,
935 3713 991 3786 vel
1026 3713 1064 3786 in
1089 3706 1294 3808 provincias
1325 3713 1499 3813 ablegati,

282 3815 324 3892 in
349 3809 490 3883 theatro
515 3807 612 3880 fetro
638 3826 675 3879 et
703 3807 821 3882 bestiis
847 3809 1070 3898 absumendi,
1109 3804 1169 3880 alii
1197 3803 1288 3879 infra
1323 3831 1501 3903 17annut

284 3912 345 3988 sub
379 3924 509 3979 corona
533 3902 613 3976 sunt
647 3904 785 3977 venditi
813 3905 883 4002 Jos.
917 3906 985 3979 VI:
1022 3927 1057 3996 9.
1107 3924 1140 3975 a.
1177 3900 1290 3974 Auxit
1322 3904 1498 3981 miseriam

262 3996 494 4094 ,excoecatiu
530 4015 566 4065 et
591 4001 798 4088 obdurati0,
839 4002 927 4074 mala
960 3996 1178 4074 conscientia
1213 4015 1250 4068 et
1276 3998 1499 4097 desperatio,

282 4104 358 4179 irae
377 4096 517 4171 divinae
533 4091 716 4168 manifesta
735 4096 828 4192 figna
853 4099 938 4169 Luc.
965 4098 1063 4170 XXI:
1094 4116 1150 4189 23.
1198 4091 1352 4169 Accedit
1378 4120 1412 4192 3.
1438 4121 1498 4170 nu·

284 4218 420 4275 merum
447 4192 484 4264 in
508 4188 579 4285 ipsa
604 4190 689 4259 urbe
717 4192 935 4282 occisorum,
961 4194 1017 4265 vel
1043 4208 1284 4280 mortuorum,
1310 4189 1383 4267 five
1404 4192 1499 4267 same

283 4316 320 4370 et
346 4286 463 4388 peste,
490 4286 561 4358 srve
586 4280 700 4370 ferro,
727 4286 833 4359 fidem
853 4288 928 4360 fere
956 4287 1137 4383 superare:
1163 4283 1206 4358 ad
1231 4286 1400 4362 undecies
1415 4312 1499 4368 cen·

281 4412 366 4469 rena
389 4381 495 4455 miliia
519 4380 624 4455 tradit
648 4379 737 4476 Jus,
781 4381 1014 4474 hvperbolice
1042 4385 1138 4456 forte
1170 4380 1299 4472 nimis3
1341 4384 1497 4460 maxime

161 4524 166 4533 ·
270 4510 362 4591 ‚pum
393 4477 494 4561 addat
525 4499 574 4575 97
598 4476 707 4559 millia
738 4473 849 4558 fuisse·
871 4495 996 4578 capta,
1035 4474 1131 4576 quod
1166 4491 1284 4559 tamen
1319 4482 1363 4560 ad
1388 4480 1501 4657 tobtpffi
