3575 5884
273 1159 352 1253 408
621 1139 769 1247 anama
791 1140 1025 1249 Ecclefiaflica
1048 1146 1092 1225 V.
1121 1141 1164 1224 T.

277 1330 384 1433 regni
394 1323 605 1420 Alexandri,
628 1349 736 1418 cum,
754 1325 850 1426 quod
863 1330 1126 1429 amplissimum,
1151 1345 1190 1403 et
1205 1325 1509 1428 potentillimtnn‘,

280 1455 304 1506 a
329 1424 567 1530 gloriosissimo
589 1447 677 1525 rege
702 1424 908 1517 conditum,
943 1450 1030 1526 prae
1055 1427 1120 1501 reli
1144 1425 1197 1500 uis
1221 1424 1332 1499 fuerit
1357 1440 1503 1524 regnunt

281 1527 378 1619 e'us,
402 1543 496 1612 tum,
525 1521 618 1618 quod
641 1519 847 1597 Seleucidae
872 1520 944 1598 sese
970 1546 1056 1636 prae
1081 1520 1223 1620 reliquis
1247 1543 1315 1619 pro
1339 1519 1501 1618 genuinis

280 1552 386 1699 Alex.
403 1622 470 1693 -Μ,
494 1616 743 1693 succelloribus
759 1617 949 1717 gesserint,
973 1640 1023 1694 rta
1040 1638 1081 1693 ut
1097 1618 1269 1695 excelsum
1284 1615 1371 1690 illud
1387 1618 1500 1707 Isari,

280 1718 343 1793 seu
365 1738 403 1788 re
454 1714 478 1787 i·
493 1712 745 1805 Macedonici,
781 1738 900 1804 carna,
933 1717 972 1790 in
1000 1740 1045 1790 eo
1068 1714 1203 1790 censeri
1224 1712 1340 1811 aliqua
1366 1714 1500 1787 ratione

279 1830 442 1912 potuerit
466 1810 717 1887 resuscitatum.
764 1810 939 1905 Accedit,
964 1813 1076 1911 ipsum
1101 1813 1285 1886 Seleucum
1302 1808 1399 1907 quasi
1424 1808 1501 1882 alte·

174 1980 178 1995 ,
280 1931 358 1983 rum
384 1909 489 1983 Alex.
514 1911 572 1982 M.
601 1907 671 1981 sese
696 1906 924 2004 pmestitiffe,
948 1931 1014 2006 per
1037 1906 1229 1982 efficaciam
1247 1905 1351 2002 suam
1377 1908 1500 2001 iapera-

280 2006 456 2093 arabilem,
482 2023 520 2078 et
544 2007 749 2078 villariaram
774 2007 1017 2094 celebritatem,
1059 2003 1152 2076 unde
1175 2006 1349 2077 Memoris
1375 2021 1497 2073 1lumen

276 2100 349 2201 ‘ipsi
383 2099 557 2189 adhaesit,
602 2119 641 2174 ut
673 2100 851 2174 Ammian.
875 2101 1035 2175 Marcell.
1060 2101 1082 2173 l.
1109 2099 1204 2197 XIV
1226 2115 1264 2172 et
1288 2093 1426 2171 XXIII.
1447 2092 1498 2173 ad·

281 2194 957 2371 iffi‘hieliialhihwll‘i‘i’
983 2189 1500 2366 ll.ll‘.¹l{rl¹'llh.⁶¹‘flr

198 2456 202 2468 ·
274 2384 640 2583 ‘attelane
664 2292 1496 2582 u.villamauri·

282 2582 346 2658 ubi
369 2578 477 2654 etiam
510 2576 714 2670 observavi,
755 2578 954 2654 Seleucides
985 2578 1057 2653 sese
1091 2579 1182 2653 solos
1218 2577 1294 2651 fere
1329 2530 1499 2674 genuiuol

283 2679 390 2755 Alex.
416 2677 473 2751 M.
500 2672 710 2750 successores
729 2674 858 2773 jacinte
875 2675 977 2750 fuisse
1001 2672 1140 2766 solitos,
1166 2673 1205 2747 in
1219 2672 1391 2751 Nummis
1417 2695 1499 2771 qua·

281 2796 353 2870 que
377 2772 515 2846 Seleuci
540 2771 723 2845 Nicatoris
746 2772 871 2846 crebro
905 2794 1108 2880 comparere
1142 2787 1240 2866 rapat
1263 2772 1393 2843 leonina
1421 2771 1495 2843 rilia

281 2882 468 2954 armatum,
494 2883 531 2936 et
554 2865 655 2956 Jarr'r
683 2864 843 2962 effigiem,
877 2867 1024 2966 insigma
1052 2866 1241 2967 Alexandri
1268 2884 1306 2938 et
1330 2863 1497 2940 Macedo·

280 2967 436 3051 donum,
461 2959 614 3057 denique
640 2961 742 3060 regni
770 2962 889 3037 Graeci
918 2964 1059 3037 titulum'
1084 2963 1163 3062 ejus
1181 2985 1293 3063 regno
1322 2961 1397 3036 else
1421 2966 1494 3060 proi

183 3083 184 3086 ’
281 3057 400 3160 prium
426 3055 518 3152 apud
536 3056 697 3152 Judaeos.
745 3057 924 3150 Addatur,
955 3059 1018 3156 ipfi
1037 3081 1193 3158 quoque,
1218 3054 1311 3158 quod
1330 3057 1376 3131 de
1394 3072 1497 3155 parva

282 3177 395 3233 cornu
421 3151 590 3240 habetur,
622 3153 714 3228 Dan.
738 3155 827 3229 VII:
855 3178 914 3230 20.
949 3161 1056 3230 oculos
1088 3174 1125 3227 et
1149 3181 1183 3227 as
1207 3179 1329 3248 magra
1351 3157 1494 3250 loquens,

279 3249 379 3327 recle
398 3265 625 3342 competere,
650 3247 737 3321 licet
753 3250 835 3324 illud
855 3251 892 3323 in
909 3251 1027 3346 specie
1051 3270 1089 3323 et
1105 3250 1236 3325 eximie
1261 3250 1298 3321 in
1314 3248 1496 3326 Antiocho

281 3347 470 3449 Epiphane
489 3343 559 3417 sese
579 3344 790 3434 exseruerit,
815 3365 855 3419 ut
881 3345 1003 3443 postea
1018 3346 1209 3443 adparebit.
1239 3344 1406 3420 ¹Dicitur
1432 3341 1495 3418 uti·¹

285 3471 354 3543 que
381 3441 547 3542 Appiano
572 3441 673 3520 Alex.
700 3441 736 3515 in
761 3444 838 3540 Syr.
864 3442 1026 3540 infidiasos
1051 3446 1157 3518 oculas
1182 3448 1215 3515 in
1239 3458 1356 3536 genter
1372 3446 1493 3517 vicinas

283 3544 427 3628 lrabeat,
467 3542 593 3614 viribus
616 3556 729 3635 patrat
753 3541 1012 3634 adrogantiam,
1038 3557 1070 3613 rt
1094 3543 1128 3613 vi
1151 3537 1358 3635 persuasoria
1378 3539 1495 3633 palleat

279 3639 370 3711 'aliar
391 3634 460 3727 fili
486 3638 694 3731 adjungendi.
744 3634 826 3709 Fuit
849 3658 1009 3735 quoque,
1035 3636 1122 3708 srcut
1136 3638 1308 3744 prudentia
1335 3631 1494 3729 insignis,

282 3731 336 3809 ita
350 3728 509 3826 superbia
536 3730 707 3820 tumidus,
733 3751 902 3833 quatenus
924 3755 1006 3828 prae
1024 3732 1165 3829 reliquis
1189 3730 1233 3803 de
1259 3753 1375 3827 regno
1394 3730 1495 3806 Alex-

284 3825 455 3910 andrin0,
477 3824 514 3896 in
531 3825 593 3898 suo
610 3847 804 3918 renovato,
824 3825 991 3924 gloriatus
1008 3826 1096 3919 suit,
1121 3825 1262 3899 divinos
1280 3849 1421 3924 quoque
1435 3823 1494 3922 ho·

284 3946 390 4003 norea
412 3918 474 3992 fibi
501 3919 707 4017 adrogavit,
749 3924 934 4020 legemque
960 3923 1061 4013 tulit,
1105 3922 1192 3996 teste
1219 3923 1336 4018 App.,
1379 3921 1496 4019 semper

286 4043 422 4118 aequam
448 4012 527 4110 effe,
567 4021 652 4122 quad
672 4018 820 4113 Regibus
842 4024 966 4116 placet.
1015 4020 1197 4116 Denique,
1240 4019 1328 4094 srcut
1354 4037 1496 4115 regnum

285 4113 444 4191 reddidit
471 4111 730 4218 amplissimum,
774 4114 823 4185 ita
847 4118 956 4190 etiam
985 4117 1067 4195 illud
1094 4116 1233 4190 ornavit
1257 4138 1298 4188 ac
1324 4111 1496 4201 munivit,

245 4239 249 4249 ¹
286 4208 536 4287 celebrioribus
562 4206 703 4279 urbibus
726 4208 899 4298 conditis,
926 4235 1068 4306 quarum
1092 4212 1258 4308 aliquasa
1282 4212 1405 4302 Patre,
1429 4230 1496 4281 ma·

287 4329 363 4396 tre,
380 4307 554 4401 conjuge,
572 4322 612 4372 ac
624 4300 658 4372 se
678 4302 775 4397 ipso,
794 4304 1058 4398 denominavit,
1077 4308 1129 4381 uti
1140 4306 1391 4397 Antiochiam,
1410 4307 1496 4379 Lao·

154 4406 159 4417 '
287 4407 441 4486 diccam,
485 4401 775 4506 Apameam-et
800 4399 1018 4495 Seleuciam,
1065 4404 1122 4478 sed
1148 4423 1185 4481 et
1208 4404 1290 4483 alias
1314 4403 1496 4502 plurimas,

158 4497 161 4508 ’
287 4525 369 4603 quas
394 4495 553 4570 recenset
588 4495 681 4591 App.
710 4517 747 4567 rn
773 4495 872 4589 Syr,
900 4499 1046 4573 Graecis
1070 4498 1271 4574 nominibus
1297 4499 1497 4597 infignitas,

285 4589 520 4682 nonnullaab
540 4592 681 4677 urbibus
697 4590 935 4673 Macedoniae
950 4613 986 4671 et
998 4593 1196 4670 Thessaliae
1215 4595 1351 4694 petitis.
1401 4598 1497 4763 impp

798 4732 803 4739 .
936 4734 940 4745 ,
1400 4711 1455 4794 ap
