3575 5884
271 1072 348 1183 550
617 1054 763 1160 fflflorr'q
787 1058 1090 1162 Ectlaſseliiealf.
1119 1060 1161 1136 T.

279 1245 347 1319 lior
373 1238 446 1330 est,
481 1262 584 1339 qnam
607 1259 646 1315 ut
700 1239 915 1316 raetermitti
940 1243 1087 1319 debeat:
1130 1265 1240 1342 quare
1262 1224 1524 1333 Brevemejn's·

279 1342 372 1417 dabo
400 1337 567 1413 notitiam
598 1361 643 1409 ex
667 1265 738 1433 sos.
765 1339 851 1415 Ant.
878 1342 900 1415 l.
926 1342 1090 1430 XVlll.,
1122 1342 1184 1419 sed
1212 1339 1398 1439 praecipue
1426 1333 1510 1440 Plri-

287 1440 371 1513 lone
397 1437 465 1532 leg.
491 1435 533 1507 ad
560 1433 703 1528 cajum,
719 1435 796 1529 ·qui
819 1437 1017 1511 adcuratior
1041 1436 1115 1528 est,
1156 1457 1195 1510 et
1222 1446 1387 1533 tanquam
1414 1429 1516 1504 tellis

284 1537 443 1611 oculatus
471 1531 603 1626 majore
631 1530 702 1606 fide
728 1530 865 1630 dignus.
915 1533 1097 1625 Gentiles,
1122 1535 1184 1630 qui
1201 1531 1378 1632 Jamninm
1404 1527 1516 1622 irrep·

287 1634 420 1719 serant,
455 1651 555 1713 eum,
583 1646 623 1699 ut
647 1626 734 1723 cajo
760 1629 1065 1727 gratificarentur,
1096 1651 1134 1705 et
1163 1629 1305 1726 Judaeis
1333 1649 1441 1724 aegre
1467 1625 1516 1696 la·

254 1796 257 1802 .
288 1746 430 1814 terent,
454 1747 568 1811 aram,
596 1725 711 1797 eluto
732 1725 770 1800 in
788 1727 914 1802 lateres
931 1728 1104 1818 sonnato,
1129 1726 1342 1814 etexillent,
1369 1740 1518 1816 eamque

289 1821 413 1996 {judaei
442 1818 711 1909 destruxissent,
744 1823 869 1919 eajus,
892 1826 963 1899 hoc
988 1825 1130 1911 audito,
1156 1823 1195 1898 in
1220 1819 1394 1895 mandatis
1421 1813 1519 1891 dedit

317 1917 482 2003 etronio,
518 1916 639 2014 Syriae
662 1917 834 2009 Praesidi,
868 1941 908 1994 ut
933 1920 1008 2015 ejus
1033 1922 1114 1995 loco
1151 1918 1301 2015 coloffitm
1324 1917 1519 1992 inauratum

291 2015 434 2113 inipso
467 2015 622 2113 Templo
652 2014 912 2113 Hierosolymis
939 2019 978 2093 in
1011 2018 1186 2091 honorem
1212 2013 1326 2111 Caii,
1355 2032 1522 2108 tanquam*

290 2116 387 2204 Dei,
413 2111 617 2187 collocaret
666 2110 773 2212 Quod
794 2115 997 2189 mandatnm
1015 2138 1096 2189 cum
1122 2115 1376 2208 exsequeretur
1397 2111 1520 2182 Petro·

293 2211 392 2303 nius,
421 2210 584 2283 omnibus
603 2209 752 2377 paratis,
780 2211 1049 2305 aJudaeis,‚de
1066 2234 1111 2282 eo
1131 2208 1342 2284 certioribus
1368 2203 1469 2278 fadis
1482 2219 1518 2275 et

292 2311 528 2386 veliementer
559 2305 602 2378 ad
633 2303 729 2394 etis,
765 2305 906 2380 tandem
936 2326 1120 2397 exoratus,
1157 2305 1266 2380 etiam
1307 2301 1524 2379 seditionem

292 2425 475 2492 metuens,
517 2424 631 2474 moras
662 2398 799 2497 incepit
826 2401 981 2480 nectere.
1028 2405 1170 2476 Interea
1200 2400 1336 2501 legatio
1367 2398 1521 2472 Alexan·

293 2504 496 2588 drinorum,
537 2515 577 2571 et
603 2495 816 2594 Judaeorum
852 2510 890 2573 et
923 2497 1152 2588 Gentilium,
1193 2519 1344 2596 quornm
1379 2491 1528 2590 patroni,

295 2620 417 2690 erant,
456 2597 594 2670 illorum
630 2594 730 2667 Philo
765 2594 934 2692 judaeus,
977 2596 1104 2670 horum
1139 2595 1292 2692 Apion,
1334 2586 1521 2666 seditionis

295 2697 398 2778 eausa
422 2695 575 2769 Romam
600 2713 768 2790 venerat5
804 2692 945 2787 Judaeis
968 2694 1057 2766 male
1087 2691 1270 2787 exceptis,
1303 2686 1431 2786 Apion
1458 2689 1527 2761 Ca,

293 2796 370 2894 jiim
388 2792 505 2862 multis
522 2788 723 2872 calumniis,
749 2786 791 2857 ad
809 2813 898 2882 opus
921 2789 1003 2864 inte
1032 2808 1107 2861 tum
1124 2786 1406 2883 perficiendum,
1433 2781 1532 2863 inci:

298 2887 402 2967 tavit.
451 2882 612 2977 Agrippa
638 2881 778 2978 Major,
837 2884 872 2957 ni
899 2901 983 2961 tunc
1007 2885 1056 2959 rbi
1084 2885 1223 2977 aderat,
1255 2880 1358 2957 valde
1386 2898 1530 2979 pertore

295 2989 418 3067 batus,
445 2978 594 3074 aCajo,
622 2978 659 3051 in
687 2979 783 3075 cnjus
809 2908 980 3075 iiagrante
1008 2981 1120 3078 gratia
1145 3001 1238 3069 erat,
1260 2999 1303 3053 et
1328 3002 1397 3075 pro
1425 2978 1527 3071 Rege

297 3081 512 3183 Judaeorum
536 3077 608 3171 jam
631 3077 673 3146 ab
700 3098 745 3147 eo
777 3075 985 3167 declaratus,
1013 3078 1131 3152 multis
1156 3076 1353 3152 rationibus
1378 3097 1422 3148 ac
1447 3095 1524 3169 pre·

299 3179 400 3254 cibus
435 3171 576 3244 tandem
601 3169 779 3265 inpetrare
807 3174 903 3246 visus
934 3173 1005 3260 est,
1043 3197 1083 3248 ut
1114 3175 1153 3247 in
1183 3174 1258 3269 ejus
1286 3172 1438 3268 gratiam
1464 3168 1524 3242 de·

301 3267 508 3359 claraverit,
558 3265 593 3340 se
620 3291 696 3339 rem
719 3265 921 3344 omillnrum
955 3271 1035 3345 elle.
1085 3272 1223 3346 Verum
1248 3293 1363 3356 mox,
1389 3284 1526 3341 mutato

302 3368 471 3459 consilio,
504 3364 693 3453 Petronio,
733 3364 814 3461 qnia
834 3389 911 3439 rem
936 3391 1007 3439 non
1033 3366 1254 3464 perfecerat,
1298 3366 1372 3439 l'ese
1400 3365 1529 3437 iratum-

302 3466 486 3555 exhibuit,
522 3482 557 3536 et
584 3463 720 3536 Romae
750 3461 842 3558 jullit
872 3487 1006 3537 novum
1032 3464 1199 3538 eolollurn
1225 3485 1368 3536 aereum
1391 3461 1526 3534 inaura·

302 3586 379 3642 tum
412 3560 574 3647 formari,
600 3584 725 3655 quern,
754 3583 834 3632 cum
854 3561 1102 3646 Alexandriam
1129 3560 1312 3648 tenderet,
1339 3557 1415 3652 ipse
1440 3557 1530 3630 elam

307 3684 348 3739 ee
372 3655 489 3732 subito
517 3657 555 3731 in
580 3657 770 3751 Templum
796 3657 1033 3754 Hierosolym.
1065 3657 1291 3731 introducere
1324 3652 1525 3728 constituit.

302 3756 377 3835 Sed
400 3771 515 3825 morte
551 3774 761 3846 praeventus
791 3752 882 3827 nihil
907 3753 1048 3829 efficere
1081 3753 1211 3851 potuit.
1263 3751 1432 3849 Contigit
1466 3749 1527 3824 hic

184 3902 192 3917 ·
306 3854 506 3944 casusann.
533 3871 604 3920 aer.
635 3875 669 3924 v.
695 3872 754 3939 40.

379 3942 560 4023 .DXXX.
593 3945 736 4043 lncepit
765 3947 807 4020 ab
835 3947 906 4020 lroe
931 3965 1094 4044 tempore
1120 3968 1211 4019 nova
1242 3945 1358 4019 sorma
1384 3940 1528 4041 regimi-

308 4053 365 4128 nis
390 4048 427 4119 in
455 4038 602 4144 Judsseay
627 4041 688 4113 sub
714 4044 877 4140 Agrippa
900 4046 1061 4141 Majore,
1087 4051 1172 4142 rege
1196 4042 1313 4133 facio,
1338 4060 1377 4115 et
1403 4041 1528 4114 laetior

308 4140 447 4224 adsnlsrt
472 4136 609 4236 Judaers
636 4134 789 4213 fortuna.
838 4141 896 4213 De
921 4162 1201 4238 quoantequam
1226 4164 1347 4236 agam,
1373 4138 1536 4234 reliquo·-

308 4267 387 4320 rum
411 4233 668 4332 praefeclorum
693 4236 917 4326 Cananaeae,
962 4238 1118 4312 Herodis
1141 4236 1295 4334 Antipae
1319 4237 1357 4312 in
1382 4235 1531 4332 primis,

310 4364 351 4418 et
369 4331 546 4428 Philippi,
571 4332 658 4406 Luc.
683 4329 745 4402 lll:
778 4354 808 4403 1.
836 4333 944 4404 etiam
964 4334 1123 4428 expresse
1144 4353 1439 4422 memoratorum,
1465 4333 1532 4404 ali·-

310 4462 380 4537 qna
404 4428 570 4506 tradenda
595 4427 645 4502 est
672 4422 817 4510 notitia,
843 4449 924 4498 cum
951 4429 1080 4500 adhoc
1106 4449 1246 4524 tempus
1272 4433 1377 4528 usque
1394 4428 1531 4506 fuerint

309 4525 560 4619 Tetrarchae,
586 4524 693 4626 *dein
721 4518 940 4633 praesetinra
978 4546 1107 4627 eoru-tn¹
1145 4525 1299 4605 cesserit,
1327 4527 1526 4699 Aggiippae.

591 4641 593 4645 ’
712 4630 732 4648 ”
993 4698 999 4710 ,
1421 4627 1527 4702 erodet
