3575 5884
288 1904 338 1961 uel

378 980 448 1070 258'
719 968 864 1075 siblaria
890 968 1127 1073 Ecalatajlica
1150 974 1194 1049 V.
1222 972 1260 1049 T.

380 1158 498 1257 tridga
521 1149 565 1232 ad
580 1158 672 1255 Ja's,
696 1154 1005 1233 otiam-numan.
1022 1156 1110 1250 Bibl.
1136 1150 1276 1231 orient.
1303 1152 1475 1231 tom'lV.
1520 1146 1605 1229 Noa

380 1259 501 1355 paucis
529 1277 657 1331 eorum
683 1256 806 1343 satum,
840 1254 964 1329 statum
998 1255 1207 1353 politicum,
1240 1275 1284 1326 ac
1306 1252 1423 1351 gesta,
1458 1252 1502 1326 ad
1524 1253 1603 1326 lco-

382 1364 466 1451 pum
499 1352 735 1451 pertinentia,
777 1352 1027 1427 describemus.
1071 1349 1200 1425 Vastus
1224 1347 1289 1422 iste
1310 1349 1438 1423 traslur
1461 1350 1505 1423 ab
1531 1352 1604 1421 Eu·

379 1450 506 1621 phrate
533 1450 576 1523 ad
603 1450 712 1523 smum
739 1449 930 1525 Arabicum
951 1474 973 1523 a
997 1446 1152 1521 Scenitis
1174 1466 1212 1521 et
1235 1445 1479 1536 Nomadibus,
1505 1444 1606 1517 sedes

396 1568 483 1644 aepe
506 1545 743 1633 mutantibus,
783 1544 859 1645 (ex,
874 1568 949 1641 ·qua
974 1542 1140 1641 permista
1170 1544 1323 1618 colluvie
1359 1566 1493 1617 nomen
1521 1544 1607 1623 Ν

383 1644 519 1734 Arabs,
540 1645 629 1717 latae
647 1642 936 1744 significationis,
953 1641 1130 1738 originem
1143 1639 1279 1739 repetit
1295 1642 1366 1736 Jer.
1385 1640 1504 1714 XXV:
1524 1636 1608 1733 24.)

383 1760 473 1815 occu
498 1758 574 1814 atus
606 1738 698 1831 fuit,
740 1738 778 1831 in
812 1736 935 1836 primis
962 1737 1178 1827 ismaelitis,
1218 1736 1421 1810 Midianitis
1454 1752 1493 1808 et
1518 1734 1608 1808 Cast·

288 1844 370 1897 Nm·
383 1836 526 1925 chaets3
560 1860 710 1933 quorum
735 1832 833 1908 sedes
860 1835 975 1908 verbo
1006 1832 1247 1907 monlhandae
1274 1832 1363 1907 sunt.
1409 1836 1607 1920 Nabataei,

383 1932 443 2009 seu
461 1932 675 2023 lsmaetitae,
692 1929 1023 2027 exNebajot·,·filio
1039 1929 1279 2027 primogenito
1295 1928 1467 2017 Ismaelis,
1482 1927 1607 2003 oriun-

371 2027 420 2117 ¹eli
447 2030 539 2103 Gen.
566 2032 707 2118 XXV.,
732 2026 881 2101 tracium
907 2026 1060 2101 arabiae
1079 2030 1250 2101 uernae
1275 2026 1315 2100 in
1339 2023 1606 2124 principio-in·

382 2124 546 2201 sederunt
569 2127 611 2199 ab
639 2124 787 2209 Havlla,
812 2120 976 2219 proxima
992 2125 1218 2212 Cananaeae,
1248 2124 1356 2220 usque
1380 2123 1424 2195 ad
1448 2122 1608 2195 confinia

382 2220 578 2318 AEgypti,
613 2220 705 2294 Gen.
733 2220 853 2293 XXV:
884 2227 939 2298 18.
987 2216 1109 2291 Postea
1140 2219 1243 2293 latius
1267 2238 1500 2293 excurrerunt
1524 2241 1606 2291 ver-

382 2318 601 2405 lusorium,
643 2338 686 2389 ac
711 2334 849 2415 partem
872 2311 1025 2387 Arabiae
1057 2312 1213 2388 desertae
1239 2330 1447 2406 tenuerunt,
1488 2334 1609 2415 partes

383 2415 755 2513 quoquecmanaeae
788 2406 1072 2509 septentrionalis
1106 2414 1149 2483 ab
1185 2409 1346 2502 oriente,
1386 2411 1461 2484 imo
1491 2429 1608 2486 totam

382 2509 569 2607 regionem
592 2511 636 2582 ab
657 2508 843 2607 Euphrate
860 2507 904 2581 ad
930 2524 1026 2581 mare
1042 2506 1295 2597 ·Rubmm,·ut
1319 2507 1389 2604 Jol.
1413 2509 1499 2582 Ant.
1523 2508 1545 2582 l.
1572 2510 1604 2581 Ι.

383 2606 503 2681 tradit.
554 2605 655 2699 Quos
680 2605 741 2689 sub
761 2601 907 2677 nomine
924 2603 1188 2677 Nabataeorum
1214 2603 1468 2701 descripserunt
1488 2604 1603 2677 Diod.

383 2700 481 2790 sic„
507 2701 634 2773 Strabo
651 2720 689 2772 et
708 2697 858 2773 Plinius:
884 2698 1067 2797 postquam
1080 2700 1448 2797 Syro-Macedonibus
1472 2716 1509 2775 et
1525 2700 1602 2773 Ro·

381 2796 515 2965 malnis,
541 2792 620 2891 post
638 2794 740 2871 Alex.
766 2796 823 2870 M.
848 2812 1031 2896 tempora,
1063 2796 1174 2895 magia
1190 2794 1324 2872 luerint
1340 2796 1420 2872 uoti
1435 2795 1543 2889 faui,
1568 2813 1607 2871 et

383 2915 460 2969 cee
488 2913 556 2964 res.
621 2930 624 2937 .
1482 2916 1487 2924 ·

429 2987 462 3087 ς.
488 2984 679 3060 CCLXIII.
705 2988 894 3076 Ceterum,
918 2981 1064 3059 utillud
1088 2985 1156 3059 bac
1183 2985 1371 3065 occafione
1385 2988 1602 3079 observem,

385 3080 541 3165 ismaelis
571 3078 725 3179 posteri,
769 3080 809 3156 in
839 3078 1028 3156 duodecim
1054 3080 1148 3179 quast
1170 3083 1305 3173 tribus,¹
1341 3083 1401 3158 seu
1433 3084 1602 3174 familias,

380 3180 510 3272 divisi,
542 3177 783 3349 propenitoris
810 3174 922 3249 secuti
950 3178 1172 3274 exemplum,
1197 3180 1309 3255 vitam
1335 3180 1511 3277 degerunt
1533 3180 1605 3256 sce·

377 3281 532 3355 miricam
556 3293 595 3351 et
622 3274 870 3362 atrocrnalem,
896 3272 1069 3358 cumaliis
1094 3277 1233 3371 populis
1255 3276 1327 3350 sese
1351 3299 1424 3351 non
1443 3276 1607 3353 commls-

380 3395 529 3464 centes,
561 3374 682 3467 potius
715 3367 890 3445 hostiliter
913 3388 1079 3465 agentes,
1114 3370 1164 3444 ita
1193 3393 1234 3446 ut
1260 3372 1298 3447 in
1324 3373 1464 3469 quosvis
1496 3375 1607 3449 irrue·

383 3472 481 3557 rint,
514 3486 553 3540 et
576 3490 638 3542 eos
660 3465 862 3575 spoliarint,
888 3482 926 3537 et
948 3464 1108 3561 inpetum
1129 3490 1267 3567 quoque
1284 3471 1326 3543 ab
1352 3466 1397 3542 iis
1417 3471 1501 3567 paffi
1518 3470 1607 3561 smt,

384 3561 512 3639 statum
541 3560 638 3637 suum
671 3563 820 3655 ltberum
861 3581 926 3671 per
960 3559 1078 3635 omnia
1109 3562 1221 3640 secula
1256 3564 1434 3661 hucusque
1464 3566 1607 3640 strenue

379 3656 493 3750 ruiti,
518 3655 644 3753 absque
671 3675 711 3731 ut
738 3659 872 3731 domam
899 3658 1106 3751 potuerint,
1131 3657 1218 3734 ficut
1242 3658 1488 3749 ex‘ltistoricis
1509 3661 1603 3735 anti·

383 3754 488 3855 quis,
516 3758 623 3827 modo
639 3752 864 3841 memoratis,
890 3772 928 3826 et
942 3753 1220 3848 recentioribus,
1243 3756 1326 3831 satis
1339 3756 1490 3831 conllat:
1512 3757 1606 3831 adeo

385 3870 427 3928 ut
450 3847 660 3927 vaticinium
676 3850 810 3949 Hagari
829 3847 961 3922 nuum
987 3851 1076 3925 Gen.
1102 3852 1205 3927 XVI:
1233 3876 1293 3944 ro,
1321 3877 1377 3927 12.
1402 3854 1608 3928 delsmaele
1682 3885 1683 3940 4

382 3948 548 4021 exailum
572 3942 734 4017 habuerit
758 3942 1034 4040 inplementum,
1058 3969 1130 4042 quo
1148 3947 1211 4043 ipsi
1236 3949 1368 4023 dietum
1393 3950 1465 4040 est,
1490 3949 1609 4048 polle-
1682 3969 1683 4024 l

384 4040 529 4119 ritatem
550 4040 624 4136 ejus
642 4038 680 4113 in
696 4039 891 4114 inmensum
911 4038 981 4146 elle
998 4042 1314 4140 multiplicandam,
1339 4066 1377 4119 et
1394 4047 1508 4143 ipsum
1530 4046 1610 4121 fore

380 4164 546 4235 onagrum.
570 4136 840 4225 interlunium,
866 4134 1079 4229 solitarium,
1104 4139 1334 4233 indomitum,
1360 4161 1398 4215 et
1411 4144 1609 4241 agrestem,

383 4236 481 4315 simul
506 4232 745 4308 latrocinalem
775 4230 973 4341 degentem¹
997 4231 1130 4325 vitam,
1165 4237 1280 4310 itaut
1313 4239 1387 4336 ejus
1418 4264 1542 4314 manus
1566 4240 1610 4314 srt

379 4350 508 4408 contra
527 4353 668 4419 omnes,
693 4346 730 4404 et
754 4350 910 4401 omnium
936 4346 1060 4403 contra
1087 4331 1210 4427 ipsum.
1258 4334 1502 4411 Recenfentur
1516 4360 1609 4411 vero
1682 4349 1683 4422 l

242 4438 245 4443 ’
383 4430 459 4540 elus
481 4425 546 4507 filii
565 4426 775 4519 duodecim,
800 4424 962 4511 'totidem
987 4422 1153 4512 tribuum
1166 4429 1418 4530 progenitores
1426 4472 1448 4528 ,·
1469 4450 1512 4510 ‘et
1536 4457 1604 4509 una
1682 4507 1683 4532 ,

1377 4570 1383 4579 ·
1486 4548 1606 4615 >slim
