3575 5884
530 1184 555 1255 ·'
602 1188 820 1307 [Ponione
837 1188 999 1306 Quina.¹
1052 1196 1057 1205 '
1369 1216 1426 1304 ῃ

213 1382 334 1463 catoris
358 1404 471 1477 nece,
503 1398 592 1459 tune
613 1378 731 1475 oon,
751 1382 905 1479 inpleta,
930 1380 1001 1455 hoc
1025 1376 1188 1477 inuram,
1214 1376 1292 1456 casu
1310 1404 1424 1461 nm.

211 1505 265 1573 to,
296 1484 459 1559 c.-xv1:
486 1490 544 1579 34.
577 1479 727 1555 histohiiti
747 1482 797 1555 ud
820 1482 967 1569 Eiimn,
995 1477 1134 1551 Achabi
1153 1478 1318 1553 severum
1341 1503 1425 1557 cen·

210 1580 336 1673 sorem,
361 1600 401 1653 et
416 1600 524 1652 verae
543 1576 727 1676 religionis
746 1575 931 1651 ¹uindicem
954 1572 1185 1666 acerrimum,
1211 1577 1424 1675 propheta-n

208 1676 505 1751 celebratiffimum
515 1714 535 1765 ,5
546 1674 730 1763 transiens,
756 1688 832 1769 cap.
852 1670 973 1745 xutt.
1000 1682 1079 1743 eu'm
1095 1672 1422 1770 abrupte-introdu-

206 1773 274 1863 cit,
305 1794 375 1847 nec
399 1794 511 1869 genua
534 1770 609 1867 eiua
631 1768 850 1858 describens,
874 1782 962 1840 nec
983 1765 1194 1865 prophetam
1221 1774 1425 1867 nuncupant

205 1868 480 2039 {thibi-'t
493 1866 552 1975 ‘¹¹¹³
577 1864 1160 2060 this'eit‘hhi'hitz
1191 1866 1426 2039 issisti

204 2058 432 2134 habitationis
462 2075 653 2147 memorat,
668 2084 673 2099 ¹
688 2058 853 2130 ubieum
879 2051 1057 2148 Thrfhitnm
1071 2106 1074 2111 -
1089 2078 1132 2129 ex
1153 2059 1296 2130 aduenis.
1312 2062 1422 2135 Giitan

203 2158 248 2229 ὦ
272 2156 445 2253 adpellat,
481 2152 659 2249 Hiyiitnm
682 2156 727 2227 ab
750 2154 837 2225 turbe
863 2150 1027 2237 Thisbe,
1059 2151 1102 2223 iu
1121 2151 1301 2247 superiore
1319 2157 1424 2232 Gali·

205 2252 275 2325 laea
298 2252 414 2325 tribus
436 2249 628 2347 Naphtali,
653 2249 697 2335 ad
719 2247 871 2331 austrum
897 2244 1052 2319 Cadesch
1077 2244 1114 2319 in
1138 2247 1333 2355 Naphtali,
1349 2250 1421 2328 uti
1495 2278 1502 2291 ·

205 2348 382 2421 Rehtndus
404 2346 443 2419 in
465 2344 612 2421 Palatii-
636 2341 910 2433 demonstravit,
952 2340 1051 2417 unde·
1062 2340 1350 2435 stiitorrundus,
1383 2366 1425 2423 et

203 2444 705 2533 murmurantium,
731 2440 869 2531 aloto,
895 2456 936 2512 ut
950 2455 1111 2537 putatur,
1137 2439 1366 2518 habitationis
1381 2440 1424 2521 in

207 2539 339 2614 Gihead.
450 2540 498 2613 od
519 2558 637 2615 tamen
661 2537 775 2612 minus
799 2533 1030 2626 eertumest,
1063 2560 1145 2611 cum
1167 2560 1241 2613 vox
1264 2531 1425 2625 'wihus

207 2634 305 2708 aliter
327 2658 403 2733 pun
434 2642 514 2726 ta,
553 2634 659 2735 poffit
687 2632 782 2709 verti
823 2656 841 2706 e
875 2630 994 2727 Yinffbi
1020 2632 1153 2720 Cileni,
1189 2652 1228 2706 ut
1259 2636 1359 2709 LXX
1383 2656 1424 2711 et

207 2730 278 2828 Jos.
303 2730 456 2807 habent:
483 2756 553 2828 quo
568 2728 713 2806 admisso
736 2730 782 2803 de
797 2728 863 2803 alia
881 2726 1024 2825 (sinshe,
1047 2728 1084 2801 in
1102 2728 1227 2803 Gilead
1251 2729 1336 2821 sita,¹
1354 2755 1425 2804 uo-

230 2826 388 2901 'tantium
404 2828 509 2903 foret.
556 2827 647 2918 Sed,
672 2826 728 2899 his
743 2824 868 2913 missis,
894 2822 977 2896 illud
991 2822 1081 2897 mihi
1099 2824 1230 2899 certius
1252 2824 1420 2929 videtur,

203 2926 304 2998 rhum
326 2923 398 2996 hoc
421 2942 585 3021 tempore
610 2923 649 2995 in
664 2920 777 2996 tratiu
801 2918 1102 3010 Hierichuntino,
1128 2919 1187 2995 ubi
1211 2920 1326 2997 schola
1343 2930 1422 3001 erat

204 3016 455 3116 prophetatum
481 3020 612 3116 aReg.
638 3020 685 3096 ΙΙ.
712 3016 806 3091 inter
829 3014 966 3090 medios
985 3017 1178 3113 prophetas
1195 3017 1316 3109 fuisse,
1342 3039 1423 3094 tan·

172 3196 178 3205 ,
230 3138 309 3188 uam
333 3137 456 3189 eorum
498 3114 627 3189 timum
649 3134 687 3189 et
708 3114 856 3203 ducem,
881 3111 1076 3200 versatum,
1103 3136 1182 3186 cum
1208 3114 1316 3205 Elisa,
1343 3117 1422 3213 ejus

200 3140 393 3303 succesum
434 3212 486 3286 ibt
515 3209 632 3285 sedem
663 3208 845 3301 habuerit,
885 3228 924 3282 et
948 3207 1131 3282 Achabum
1161 3208 1222 3287 hic
1254 3210 1421 3292 habuerit

201 3307 375 3395 obvium,
400 3305 462 3382 sub
485 3307 584 3404 cujus
606 3306 769 3404 auspiciis
786 3306 923 3399 yeneno
946 3302 1034 3395 suit,
1059 3323 1220 3403 tanquam
1236 3308 1335 3399 urbs,
1361 3331 1420 3384 re·

200 3402 396 3478 aedificata
444 3400 545 3509 (hiae
575 3418 661 3497 vera
689 3402 782 3476 ratio
811 3398 862 3477 est
895 3398 992 3474 Eliae
1025 3402 1243 3499 exabrupto
1282 3427 1420 3477 memo·

200 3498 288 3589 rati,
320 3496 513 3574 occasione
534 3494 632 3573 istius
655 3495 970 3585 reaedificationis,
1011 3515 1049 3568 et
1075 3494 1329 3591 inprecationis
1354 3501 1418 3594 Jo'·

205 3592 282 3667 suae
305 3594 472 3691 inpletae.
519 3594 575 3669 Ex
596 3618 668 3693 quo
693 3616 802 3669 nexus
826 3616 907 3668 cum
932 3589 1167 3756 soserioribus
1189 3591 1316 3687 sponte
1340 3594 1417 3668 ehr-¹

202 3689 320 3764 cescit
368 3689 674 3784 Accedit,“verba
688 3691 805 3782 Eliae,
831 3711 959 3764 runca
997 3685 1180 3762 Achabum
1205 3686 1312 3781 fatu,
1338 3690 1418 3790 qui·

199 3788 265 3861 bus
287 3783 506 3860 sterilitatem
528 3805 566 3860 et
589 3786 720 3864 samem
743 3787 808 3885 ipsr
832 3805 869 3859 et
893 3783 1026 3881 populo
1052 3782 1301 3879 denunciavit,
1327 3811 1417 3862 con·

198 3878 362 3978 spectum
384 3885 632 3979 inprecationis,
673 3884 875 3981 juramento
898 3878 1145 3971 confirmatae,
1177 3881 1271 3957 ferre
1293 3882 1417 3981 posse,

197 3977 362 4073 adeoque
384 3998 427 4049 eo
451 3978 610 4075 respeiiu
632 3979 724 4054 haud
746 3974 913 4052 absimilia
937 3974 1054 4049 verbis
1078 3975 1223 4075 Josuae,
1250 3998 1288 4053 et
1302 4000 1416 4072 aeque

198 4090 301 4145 terto
333 4071 525 4170 inplenda,
567 4072 654 4148 ficut
687 4074 731 4146 de
764 4070 881 4146 verbis
913 4071 1037 4169 Josuae
1073 4096 1168 4148 nunc
1199 4076 1416 4170 adparuerat.

197 4164 304 4241 Licet
338 4191 427 4241 vero
448 4172 652 4244 denunciatio
683 4187 819 4242 tantum
843 4185 1076 4262 memoretur,
1120 4194 1200 4244 curn
1233 4189 1349 4243 tamen
1372 4194 1416 4246 ea

199 4266 319 4339 malunt
342 4264 549 4355 contineat,
573 4265 666 4362 quod
681 4265 774 4339 Elias
795 4289 815 4338 a
839 4266 942 4357 Deo,
968 4284 1130 4361 tanquam
1150 4265 1245 4364 justo
1269 4263 1415 4341 vindice

198 4358 386 4450 scelerum,
405 4359 557 4456 repetit,
583 4365 806 4457 inprecationis
822 4359 1027 4471 conspe&us
1044 4363 1178 4436 censeri
1194 4360 1319 4458 nequit
1332 4362 1418 4436 alie·

196 4474 281 4528 nus:
321 4456 479 4529 maxime
518 4479 598 4531 cum
632 4478 652 4530 a
680 4462 831 4553 precibus
862 4458 929 4531 suis
963 4456 1142 4553 suspendat
1181 4456 1288 4530 finem
1319 4456 1417 4533 istius

196 4549 299 4639 mali,
331 4571 370 4625 et
395 4552 471 4649 Jac.
497 4552 547 4628 V:
576 4576 632 4647 17.
655 4558 805 4648 precibus
829 4554 926 4628 Eliae
951 4572 988 4625 et
1015 4556 1142 4640 fames,
1174 4571 1212 4625 et
1237 4554 1311 4650 ejus
1334 4550 1417 4629 finit

196 4645 388 4742 tribuatur,
414 4660 625 4749 argumento
632 4702 658 4744 ,.
671 4648 900 4824 verbuKEliae
924 4646 1022 4725 fimut
1048 4646 1148 4725 fuisse
1165 4650 1418 4829 ,ἱπρτεσατοᾶιέί

344 4774 376 4791 ·⁴
835 4765 859 4835 2
1378 4764 1419 4833 tt
