3575 5884
1133 1112 1137 1116 ’
1222 1092 1533 1179 Periodus
1582 1103 1862 1179 Οὲἳανα.
2635 1120 2776 1203 581

348 1289 616 1367 ‘cidium
664 1287 845 1383 reip.
904 1301 1077 1359 tunc
1119 1283 1333 1358 fuerit
1392 1284 1980 1373 consummatum,
2036 1282 2442 1381 praediaio
2543 1312 2638 1362 uo
2689 1315 2780 1366 ue

340 1385 603 1463 Christi
670 1387 886 1457 Matt.
960 1382 1237 1456 XXIV.
1308 1400 1383 1453 et
1450 1382 1622 1454 Luc.
1694 1381 1889 1455 XXI.
1955 1380 2346 1476 perfectum
2406 1387 2535 1458 nac
2634 1410 2779 1462 -1n·

330 1484 799 1583 plementum.
898 1476 1060 1581 Quo
1109 1476 1318 1549 etiam
1370 1475 1832 1549 'I'ubicinium
1881 1482 2158 1571 primum
2223 1479 2363 1576 Ap.
2415 1482 2621 1555 VIII.
2683 1504 2778 1559 ex

402 1604 489 1652 ea
546 1577 593 1650 h
649 1574 920 1671 pothesi
971 1573 1326 1669 pertinet,
1379 1570 1485 1644 uti
1540 1575 1616 1644 in
1670 1572 1978 1645 Methodo
2030 1575 2325 1670 Prophet.
2379 1576 2776 1653 observavi.

332 1674 574 1749 Hiero
610 1676 835 1766 olyma
887 1670 1164 1765 quidem
1238 1692 1368 1766 per
1418 1667 1669 1739 Titum
1739 1667 1875 1740 fuit
1947 1666 2332 1762 destrusta,
2412 1692 2486 1745 et
2533 1671 2780 1769 Judaei

334 1771 497 1845 sunt
550 1766 961 1865 profligati3
1012 1765 1125 1837 sed
1180 1764 1253 1836 in
1307 1787 1468 1836 eum
1526 1786 1667 1836 non
1713 1762 1978 1838 redac‘ti
2029 1762 2318 1856 statum,
2404 1786 2483 1840 ut
2533 1768 2780 1844 animis

334 1862 836 1950 conciderint,
922 1884 1103 1934 nova
1154 1860 1516 1935 molimina
1573 1859 1657 1931 ad
1709 1882 1820 1931 res
1868 1858 2020 1931 suas
2087 1859 2552 1936 instaurandas
2602 1864 2777 1940 omi·

334 1961 605 2038 serint:
661 1956 1119 2030 intermissum
1171 1956 1450 2051 quidem
1510 1953 1902 2050 aliquandiu
1951 1953 2087 2027 fuit
2123 1979 2366 2031 eorum
2417 1983 2579 2032 curn
2629 1964 2780 2036 Ro'·

330 2058 567 2134 manis
614 2054 906 2140 bellum,
987 2051 1105 2125 sed
1152 2074 1293 2123 non
1360 2050 1676 2137 finitum,
1732 2049 1928 2145 quin
1978 2050 2262 2125 summis
2305 2053 2615 2145 viribuS,
2704 2076 2781 2132 et

332 2149 740 2229 incredibili
802 2150 1081 2236 furore,
1154 2166 1193 2217 a
1249 2144 1529 2243 Judaeis
1582 2146 1953 2219 resumtum
2003 2146 2122 2219 sub
2171 2149 2386 2222 finem
2438 2150 2776 2248 Trajani,

336 2247 712 2323 occasione
780 2240 1201 2316 defectionis
1266 2241 1615 2314 variorum
1663 2242 2127 2337 populorum,
2209 2267 2247 2317 a
2299 2246 2609 2342 Trajano
2652 2250 2777 2322 de-

334 2344 738 2430 victorum,
788 2340 949 2412 satis
984 2338 1311 2426 favente,
1349 2357 1427 2409 ut
1464 2336 1876 2426 videbatur,
1920 2357 2212 2436 captata.
2281 2342 2544 2438 Utique
2563 2343 2777 2420 Alex*

334 2440 667 2529 andriae,
720 2456 795 2508 et
847 2459 972 2531 per
1029 2453 1244 2506 totam
1284 2434 1751 2529 AEgyptum‚
1807 2435 2256 2529 Cyrenaicam
2306 2460 2387 2510 ac
2434 2438 2773 2536 Libyam,

341 2537 544 2613 velut
593 2560 632 2607 a
679 2534 944 2607 vio’ctzto
995 2533 1258 2625 quodam
1332 2545 1392 2600 et
1421 2527 1723 2624 seditiosi)
1783 2532 2079 2602 daemone
2135 2540 2409 2627 correpti
2476 2533 2774 2627 Judaei,

342 2652 427 2710 ut
480 2631 713 2727 inquit
774 2629 927 2700 Eusl
981 2628 1080 2698 1-1.
1132 2626 1215 2697 E.
1268 2624 1309 2696 l.
1362 2625 1500 2698 IV:
1556 2647 1665 2714 2.,
1717 2625 2040 2702 adversus
2094 2629 2444 2717 GraecOS,
2512 2632 2775 2705 Roma·
2878 2629 2885 2637 ’

340 2753 521 2816 nos,
574 2746 648 2799 et
698 2720 1102 2819 indigenas,
1156 2719 1580 2792 horrendum
1635 2720 2088 2794 concitarunt
2135 2724 2546 2816 tumultum,
2595 2727 2779 2803 duce

341 2822 738 2900 constituto
790 2821 1021 2893 Lucua
1066 2815 1402 2910 quodam,
1472 2815 1849 2891 secundum
1902 2817 2108 2909 Euss,
2191 2820 2306 2894 vel
2363 2822 2628 2899 Andrea
2677 2824 2779 2899 fe.-

340 2920 651 2995 'cundum
706 2915 925 2988 Dion.
983 2912 1152 2985 Cass.
1206 2911 1246 2984 l.
1300 2912 1643 2985 LXVIII.
1715 2935 1780 2984 c.
1839 2935 1952 3007 32.
2021 2938 2197 3009 quae
2263 2915 2598 2992 e‘usdem.
2635 2920 2778 2995 viri

340 3015 619 3092 diversa
649 3010 982 3086 videntur
1017 3006 1338 3095 nomina,
1390 3007 1578 3104 prius
1613 3009 1768 3079 Lat.
1813 3010 2118 3101 Luculli,
2149 3034 2271 3107 ,ρο
2335 3012 2518 3088 erius
2557 3016 2776 3092 Grae·

340 3134 507 3190 cum
553 3112 853 3184 Andreae
868 3133 895 3196 ,-
963 3102 1405 3192 terribiliter,
1478 3101 1644 3198 quin
1696 3102 2081 3196 diabolice,
2148 3105 2406 3204 ubique
2455 3111 2775 3207 graffati,

338 3224 421 3285 'et
456 3204 852 3305 promiscua
886 3199 1098 3274 caede
1152 3197 1577 3287 saevientes,
1630 3222 1871 3273 carnes
1906 3226 2184 3300 quoque
2217 3205 2567 3279 caesorum
2603 3209 2776 3283 den-

336 3306 537 3385 tibus
590 3300 962 3386 laniantes,
1035 3314 1111 3369 et
1168 3295 1499 3390 sanguine
1552 3293 1624 3367 se
1678 3299 2027 3387 lavantes,
2108 3302 2364 3372 multos
2409 3325 2448 3373 a
2495 3303 2778 3381 vertice

330 3396 555 3479 {erris
603 3395 986 3471 dissecuere
1035 3389 1343 3479 medios,
1409 3390 1661 3463 multos
1714 3392 2125 3466 ob‘ecerunt
2172 3394 2452 3483 bestiis,
2518 3397 2776 3477 multoe

332 3498 533 3573 inter
578 3492 648 3566 se
699 3509 967 3563 certare
1025 3505 1455 3583 coegerunt:
1527 3486 1626 3560 ita
1675 3506 1753 3560 ut
1805 3488 2213 3561 interierint
2264 3489 2777 3573 hominum-ad

336 3592 648 3669 ducenta
696 3584 961 3683 viginti
997 3582 1230 3658 millia.
1304 3580 1573 3655 Similia
1607 3602 1972 3689 patrarunt
2020 3583 2096 3656 in
2132 3586 2311 3681 AEg
2415 3608 2535 3682 t0,
2585 3610 2665 3665 ut
2697 3612 2808 3667 et·

330 3688 419 3765 'in
472 3688 757 3784 Cypm,
807 3681 984 3754 duce
1016 3675 1477 3767 Artemione,
1529 3679 1649 3751 ubl
1694 3678 1961 3786 pariter
2010 3679 2375 3755 desiderati
2429 3684 2587 3761 sunt
2641 3686 2772 3763 ho·
2881 3694 2894 3707 '

324 3784 612 3861 'minum
664 3778 964 3852 ducenta
1028 3773 1476 3872 quadraginta
1540 3772 1779 3848 millia.
1883 3772 2058 3849 Vid.
2111 3776 2333 3851 Dion.
2391 3782 2563 3857 Caff.
2610 3784 2654 3860 l.
2707 3809 2774 3865 c.

336 3878 546 3957 Hinc
596 3894 835 3950 natum
887 3871 987 3946 est
1036 3873 1285 3945 bellum
1341 3868 1794 3960 intestinum,
1844 3870 2010 3944 dum
2044 3871 2319 3948 incolae
2364 3901 2545 3951 arma
2604 3904 2778 3956 con·

332 3994 452 4052 tra
508 3997 632 4047 eos
684 3967 1086 4057 sumserint,
1173 3988 1424 4062 magna
1473 3985 1546 4037 et
1598 3968 1814 4040 multa
1860 3990 2019 4039 cum
2077 3972 2336 4062 ca'ede,
2403 3974 2476 4044 in
2525 3970 2780 4067 primic

340 4072 815 4173 Judaeorum,
869 4063 1176 4160 gestum3
1229 4061 1458 4148 donec
1506 4063 1849 4159 Trajanus
1892 4084 2023 4158 per
2071 4068 2428 4142 Marcium
2487 4068 2772 4147 Turbo.

332 4172 511 4244 'nem
568 4164 871 4262 Judaeos
935 4157 1385 4255 represserit,
1472 4157 1760 4231 infinito
1823 4180 2067 4232 eorum
2131 4184 2420 4236 numero
2487 4168 2770 4260 occis03

328 4262 521 4340 ficut
570 4282 701 4356 per
751 4255 1047 4330 Lucium
1109 4256 1446 4355 Quietum
1496 4253 1674 4328 fecit
1728 4253 1806 4327 in
1852 4253 2414 4354 Mesopotamia,
2481 4261 2604 4337 ubi
2648 4289 2772 4339 eo-

340 4360 503 4440 dem
556 4355 773 4430 modo
817 4352 1284 4450 grassabantur
1334 4349 1623 4446 Judaei,
1673 4351 1833 4425 Eus.
1887 4353 1927 4425 l.
1980 4374 2042 4424 c.

330 4462 361 4479 “’
430 4454 493 4555 5.
544 4452 774 4526 DLX.
862 4449 1174 4522 Ultimus
1218 4444 1524 4542 denique
1579 4448 2000 4545 Judaeorum
2064 4463 2357 4518 conatus
2419 4446 2508 4518 ad
2562 4448 2778 4526 liber·

312 4544 597 4647 janam,
664 4569 824 4622 cum
880 4543 1470 4713 Hierosolymab
1489 4538 2053 4712 gedcgperandam
2081 4539 2244 4633 ‘sese
2295 4539 2604 4712 exsgrgilit
2637 4548 2778 4625 sub
