3575 5884
542 1186 585 1265 :a
619 1190 660 1261 :r
687 1180 1080 1281 estimaretur-'flu
1354 1213 1443 1292 ‘3²9
1547 1276 1555 1291 ἱ

192 1376 284 1457 ἑΙεπι
312 1360 454 1469 quoque
481 1367 669 1468 Judaei·'in
692 1369 772 1468 ipso
796 1370 937 1469 experti
963 1370 1063 1464 sunt,
1088 1368 1148 1470 qui
1173 1393 1219 1447 ex
1235 1370 1435 1471 AEgypto,

194 1495 307 1571 -qrro,
323 1468 785 1577 temporellebumiln.,·se
799 1488 1028 1563 receperant,
1047 1468 1199 1577 expulsi,
1219 1488 1256 1542 et
1273 1471 1431 1542 inPlroe-

202 1567 365 1654 niciam,
399 1564 584 1653 Mediam,
627 1564 776 1660 aliasque
800 1564 975 1657 regiones·
997 1565 1041 1638 ad
1064 1589 1163 1639 mare
1185 1563 1429 1662 Caspium-uer

196 1710 204 1723 ·
209 1661 351 1767 portati
376 1658 476 1750 sunt,
500 1659 539 1732 in
556 1661 735 1733 Canana'ea
756 1658 866 1751 etiam
892 1683 913 1732 a
935 1660 1086 1757 Bagose‚
1105 1663 1192 1758 “ejus
1217 1662 1327 1752 duce,
1351 1662 1430 1758 grus

199 1760 313 1839 miter
337 1754 493 1845 adflicti,
508 1774 564 1846 :ut
580 1755 706 1853 postea-
718 1758 903 1829 narrabo...
929 1756 1153 1839 Nectarncn
1178 1781 1325 1854 regnum
1342 1757 1431 1831 mule

213 1874 338 1931 contra
365 1852 516 1925 rebelles
538 1852 689 1946 populos
712 1850 821 1924 tuitus
848 1849 920 1939 est;
947 1846 1251 1944 Cadusiosenim,
1272 1851 1427 1928 Phoeni*

198 1976 290 2041 ces,
330 1947 500 2021 Sidonios
526 1945 827 2045 et'AEgyptios,
864 1945 1017 2044 aliosque
1043 1948 1145 2022 Afrae
1178 1950 1347 2043 populos,
1388 1948 1427 2024 iu

198 2043 610 2145 regnumrebellantes,
635 2042 673 2115 in
694 2043 853 2116 ordinem
873 2043 1043 2139 redegit.'
1071 2043 1224 2116 Pracfuit
1252 2068 1331 2117 ann.
1360 2067 1426 2135 21,

200 2169 244 2219 a·
261 2140 412 2238 Bagose,
455 2138 604 2234 potione
628 2138 784 2227 medica,
827 2137 967 2210 evivis
999 2139 1175 2235 abreptus.
1222 2139 1430 2233 Pepercerat

201 2237 392 2315 eunuchus
419 2235 494 2309 filio
528 2235 642 2331 ejus,
669 2242 819 2331 eumque
843 2232 881 2340 in
917 2236 1047 2307 throno
1071 2237 1325 2321 collocaverat,
1391 2235 1429 2309 ui

196 2333 326 2415 uiuus
349 2328 401 2405 est
422 2331 545 2427 Arses,
569 2330 627 2403 vel
653 2330 836 2418 Arsames,
870 2352 908 2402 rn
937 2333 1019 2403 Can.
1046 2333 1135 2407 Ptol.
1168 2332 1336 2425 Arogus,
1368 2257 1427 2403 sed

200 2450 250 2507 et
267 2432 378 2516 euni,
398 2425 553 2501 ,curn-de
568 2425 615 2500 ,se
638 2448 771 2522 poenas
796 2427 991 2499 sumturum
1013 2425 1083 2499 elle
1111 2426 1426 2514 animadverterat,

201 2544 351 2624 quoque
375 2546 441 2597 una
469 2544 550 2596 cum
573 2521 692 2596 liberis
717 2520 873 2611 occidit,
915 2545 994 2595 cunr
1019 2524 1117 2613 duos,
1159 2526 1240 2612 vel,
1281 2519 1428 2611 otalii,

200 2641 281 2731 eres
301 2618 481 2733 regnasset·
496 2639 616 2693 annos.
666 2618 1038 2787 Tandemfilsuccgffit,
1082 2618 1179 2716 regia
1212 2618 1342 2728 familia
1366 2640 1428 2691 err»

197 2714 786 2901 {suessulanus
802 2715 1427 2919 ,lunlruuflusgu

201 2913 301 2985 clare
326 2904 439 3004 gestas
461 2903 658 3002 praescitus
680 2904 879 2991 Armenio,
923 2929 961 2979 rn
989 2904 1155 2978 thronum
1186 2905 1331 3003 abipso
1365 2907 1425 2981 rllo

198 3010 258 3080 -Ba
285 3001 347 3074 ose
369 2998 534 3077 evestus:
581 3001 661 3090 sed,
694 3024 862 3077 curnrex
885 3001 996 3097 ipsum
1025 3001 1123 3074 vitae
1146 3003 1225 3075 suae
1252 3002 1428 3077 inminere

205 3029 442 3188 obiervalset,
465 3120 630 3204 veneno,
665 3120 734 3191 quo
761 3120 863 3194 reges
886 3097 1096 3207 occiderat,
1120 3096 1134 3169 i
1160 3097 1185 3172 sr
1212 3098 1425 3207 propinatu,

206 3216 339 3272 necent
365 3193 493 3268 intulit.
542 3195 727 3301 l'rrnceps·
743 3216 815 3266 non
838 3195 965 3283 malus,
999 3193 1058 3267 sed
1085 3123 1228 3286 insilis,
1269 3193 1363 3292 quod
1387 3217 1426 3268 ru

205 3314 282 3369 tem
310 3288 556 3365 usAlexandrr
574 3292 630 3364 M.
657 3287 806 3378 incidit,
831 3287 911 3386 qui,
937 3288 975 3363 in
993 3314 1141 3388 regnum
1168 3293 1242 3388 ejus
1268 3293 1426 3377 irruens,

207 3316 1429 3577 aestiuasirimriaullu

209 3604 290 3657 nam
316 3578 466 3653 Mediae
489 3534 729 3675 proripuerit,
756 3537 817 3651 ubi
842 3602 862 3648 a
886 3506 979 3664 suis?
1001 3573 1122 3661 Bello,
1148 3534 1185 3645 ’ct
1212 3574 1428 3653 Nebuzarne

210 3676 360 3755 militmn
376 3671 577 3770 praesesso,
604 3672 642 3748 in
665 3696 744 3746 eum
763 3670 1065 3767 conspirantibus,
1092 3667 1226 3743 nefarie
1250 3690 1287 3744 et
1303 3671 1428 3747 crude·

212 3773 293 3849 liter
319 3768 529 3845 interfeslus
552 3767 624 3858 est;
649 3790 730 3843 cum
758 3776 781 3840 6
808 3791 908 3856 ann,
941 3768 1027 3841 licet
1052 3765 1241 3840 secundum
1268 3771 1351 3843 Can.
1375 3793 1425 3861 4,

209 3866 408 3969 regnaffet3
434 3865 577 3939 caedem
603 3866 676 4035 edjus
699 3863 819 3961 postea
847 3865 939 3937 ultus
964 3859 1015 3935 est
1031 3862 1133 3936 Alex.
1180 3863 1341 3940 Exitialis
1359 3864 1425 3962 ipsi

209 3966 244 4042 in
267 3958 397 4062 primis
421 3960 513 4049 fuit,
538 3987 607 4057 quo
657 3979 780 4037 notatu
805 3960 949 4054 dignum
975 3957 1045 4047 est,
1071 3961 1299 4049 Memnonis,
1324 3960 1424 4037 ducis

212 4065 304 4159 ejus,
331 4056 457 4131 caedes
481 4056 524 4129 ad
552 4055 764 4146 Granicum,
789 4055 921 4165 quippe
947 4055 1007 4150 qui
1033 4055 1159 4129 bellurn
1189 4055 1226 4129 in
1251 4057 1424 4129 Macedo·

212 4159 303 4231 niam
340 4151 571 4229 transtulisset.
632 4154 720 4227 Hac·
744 4170 882 4229 tatione
928 4148 1097 4225 exstinsla
1128 4150 1179 4227 est
1212 4151 1425 4234 Monarchia

215 4246 373 4327 Orientis
389 4248 541 4338 Persica,
559 4246 740 4356 postquam
755 4271 834 4323 ann.
853 4269 925 4341 207
938 4245 1104 4336 stetisset,
1129 4247 1227 4322 etad
1245 4245 1422 4341 Graecos,

218 4346 359 4422 transiit.
410 4344 466 4419 Ex
492 4369 563 4439 quo
585 4364 622 4419 et
645 4345 729 4419 rllnd
756 4344 942 4436 elucescit,
966 4342 1174 4419 vaticinium
1199 4342 1289 4416 Dan.
1317 4346 1422 4424 Vlll.

216 4443 257 4518 de
282 4442 394 4518 ariete
419 4442 462 4514 ab
488 4441 591 4516 hirco
613 4439 788 4536 prostrato
814 4441 937 4517 exuste
963 4439 1066 4516 suille
1091 4440 1276 4532 inpletum.
1325 4442 1421 4531 Vidi,

217 4538 329 4637 inquit
358 4536 509 4628 Daniel,
543 4561 578 4613 u.
613 4560 647 4633 7.
680 4535 782 4634 ipsum
814 4537 973 4627 hircum,
1009 4539 1244 4632 pervenientem
1269 4538 1314 4607 ad
1334 4538 1422 4609 mie·

221 4650 303 4721 lem,
333 4650 364 4709 εἴ
390 4638 608 4716 exacerbatus
632 4638 668 4715 in
693 4660 764 4714 eum
784 4632 832 4729 est
856 4636 1074 4722 relmenter,
1106 4645 1138 4707 el
1158 4626 1425 4728 percusse-arie·

259 4730 348 4813 Tm.
373 4732 430 4811 Il.
818 4727 856 4817 T
866 4744 882 4815 t.
1360 4744 1432 4827 tem
