3575 5884
286 1154 365 1249 ιδ»
638 1143 784 1243 Historia
808 1143 1045 1243 Etrlcfiastico
1066 1126 1115 1223 V,
1140 1145 1181 1224 Y.

291 1329 497 1437 petendae,
532 1343 570 1401 et
592 1325 770 1423 gestorum
797 1326 893 1424 ejus,
929 1329 1038 1403 relate
1064 1327 1100 1403 in
1128 1326 1252 1428 primis
1277 1329 1322 1405 ad
1344 1329 1513 1431 Judaeos,

292 1456 342 1507 ex
367 1427 438 1526 Jos.
466 1443 503 1499 et
526 1422 622 1498 libris
648 1425 834 1514 Maccab.‚
869 1444 1050 1523 praeterea
1078 1425 1172 1534 ejur,
1203 1446 1242 1499 et
1268 1426 1415 1502 aliorum
1427 1434 1513 1524 reg·

295 1549 445 1613 norum,
488 1517 566 1616 post
592 1521 832 1595 Alexandrum
866 1541 1047 1611 ortorum,
1088 1523 1274 1596 interitum
1299 1549 1365 1620 per
1390 1525 1514 1598 Roma·

295 1647 391 1712 nos,
432 1618 475 1693 ad
512 1616 769 1712 inplementum
800 1619 1070 1716 prophetiarum
1103 1618 1147 1694 et*
1174 1616 1329 1695 visorum
1363 1619 1516 1697 Danieli·

293 1711 613 1794 demonstrandum.
1391 1748 1393 1752 ·

300 1820 305 1829 '
338 1812 369 1911 §
398 1812 619 1885 CCCCLIV.
660 1809 844 1884 Antiocho
881 1809 1092 1906 Epiphani,
1133 1828 1173 1884 ut
1209 1809 1311 1906 supra
1346 1813 1512 1902 narravi,

288 1925 454 1995 mortuo,
479 1905 637 1980 succeffit
663 1906 753 1979 filius
784 1908 859 2003 ejus
885 1909 1087 1997 Antiochus,
1114 1906 1227 1982 dietus
1251 1909 1429 2004 Eupator,
1454 1907 1512 1984 mi·

290 2004 481 2094 norennis,
515 2026 535 2076 a
561 2004 794 2099 gubernatore
830 2002 905 2098 ejus
939 2004 968 2074 L
996 2003 1041 2077 sta
1067 2005 1105 2077 in
1140 2004 1272 2078 throno
1303 2003 1424 2083 subito
1448 2005 1511 2081 cos·

291 2103 447 2188 locatus,
474 2122 519 2172 ne
547 2098 772 2189 Demetrim,
805 2100 897 2173 filius
921 2031 1059 2174 Seiam
1086 2098 1349 2197 Philopatoris,
1378 2103 1509 2176 Romae

289 2199 393 2273 obses
420 2197 603 2284 detentus,
629 2219 776 2292 reguum
803 2196 867 2271 fibi
883 2195 1100 2287 vindicaret,
1126 2215 1164 2269 et
1180 2194 1512 2272 administrationem

291 2318 332 2368 re
359 2295 395 2368 ni
430 2293 658 2389 suscipiente,
701 2292 840 2365 excluso
872 2291 1061 2389 Philippo,
1104 2293 1183 2381 cui,
1214 2315 1284 2402 per
1319 2292 1510 2403 Epiphanio

288 2320 580 2488 diipohtionem
606 2387 767 2483 legitime
794 2409 837 2460 ea
859 2390 1100 2483 competebat.
1151 2390 1284 2487 Tuitus
1311 2390 1454 2486 qudem
1479 2390 1509 2463 se

287 2485 342 2562 est
367 2483 484 2595 Lysias
509 2502 630 2555 contra
655 2482 878 2579 Philippum,
918 2482 1001 2593 qui,
1028 2484 1207 2581 Eupatore
1235 2483 1402 2577 absente,
1436 2510 1507 2585 reg·

287 2605 373 2657 num
402 2579 570 2655 invadere
596 2581 809 2671 conabatur,
843 2579 902 2654 sed
929 2602 967 2653 tn
992 2581 1083 2653 bello
1110 2605 1190 2656 cum
1215 2578 1380 2677 Judaeis,
1415 2603 1504 2681 mag·

286 2702 337 2754 no
362 2703 441 2753 cum
465 2676 632 2774 adparatu
656 2674 777 2774 gesto,
820 2693 986 2750 votorum
1021 2699 1168 2774 compos
1192 2700 1267 2752 non
1301 2675 1355 2751 est
1379 2675 1502 2766 huus,

216 2830 220 2834 -
286 2793 328 2847 ut
347 2774 386 2845 in
410 2772 554 2845 historia
575 2773 684 2936 {udae
704 2772 911 2844 Maccabaei
936 2772 1146 2848 videbimus.
1194 2772 1271 2849 Hic
1286 2773 1424 2849 notasse
1441 2774 1500 2850 suf·

282 2865 449 2954 fecerit,
468 2865 796 2959 Syro-tsacedones
834 2866 894 2939 sub
924 2869 1102 2965 Eupatore
1135 2892 1268 2966 magne
1293 2869 1400 2947 fuiffe
1436 2894 1504 2945 mo

283 2962 368 3039 litos
399 2959 701 3130 conttaJudaeos
724 2980 762 3034 et
786 2963 1018 3060 AEgyptior,
1048 2966 1220 3062 Judaeum
1244 2990 1408 3070 quoque,
1433 2962 1503 3066 post

281 3056 456 3226 infipnem
482 3058 535 3131 cla
560 3080 660 3130 ema
686 3059 776 3153 Juda
808 3078 1009 3153 acceptam,
1043 3086 1167 3157 pacem
1192 3086 1335 3160 quoque
1359 3062 1497 3152 fatiam,

280 3177 397 3230 rurus
422 3177 502 3226 cum
526 3154 674 3249 ingente
698 3153 881 3250 copiarum
905 3175 1052 3231 numero
1076 3158 1272 3259 adgressos,
1297 3157 1501 3256 Hierosoly·
1525 3228 1530 3244 ,

230 3278 232 3283 ·
280 3273 378 3331 mam
411 3272 550 3420 quopsue
572 3268 610 3322 et
638 3249 830 3347 Templum
858 3249 1041 3325 obsidione
1076 3253 1244 3342 cinxisse,
1286 3255 1390 3327 etad
1414 3255 1500 3330 inci·

282 3369 338 3427 tas
361 3345 482 3444 redegi
511 3371 552 3436 e,
593 3344 672 3436 sed,
706 3345 839 3420 nuncio
863 3345 908 3421 de
936 3347 1090 3425 motibus
1117 3350 1154 3424 in
1175 3374 1289 3446 regno
1311 3349 1374 3426 suo
1398 3374 1499 3429 exor-

203 3514 206 3521 .
282 3450 332 3529 tis
355 3445 398 3521 ad
423 3443 536 3542 ipsum
558 3440 694 3533 delam,
719 3441 835 3516 subito
864 3443 948 3517 inde
973 3444 1175 3536 disceffisie,
1194 3446 1299 3520 simui
1325 3446 1500 3523 brevita

280 3562 359 3622 tum
386 3542 482 3615 suum
511 3538 694 3614 invenisse.
741 3538 924 3637 Philippus
954 3541 1139 3633 nimirum,
1174 3541 1276 3639 tegni
1302 3544 1501 3639 gubernati·

280 3659 353 3718 one
380 3660 445 3730 per
471 3640 500 3709 L
528 3636 607 3711 stam
633 3635 813 3732 privatus,
840 3655 877 3710 et
903 3633 985 3709 inde
1010 3636 1172 3733 fugatus,
1207 3636 1323 3736 copiis
1353 3664 1400 3715 ex
1423 3642 1498 3717 Me·

279 3732 341 3808 dia
365 3749 403 3801 et
425 3665 537 3809 Persia
562 3731 738 3820 collectis,
764 3730 995 3805 Antiochiam
1021 3731 1216 3825 invaserat,
1249 3754 1378 3813 contra
1404 3761 1501 3836 quen

278 3824 399 3911 subito
427 3834 562 3918 movit,
597 3827 716 3903 relitia
745 3827 1011 3924 Hierosolyma,
1053 3849 1092 3904 et
1115 3854 1203 3928 pace
1228 3829 1322 3906 farta
1348 3857 1429 3908 cum
1453 3833 1499 3907 ci·

276 3924 404 4010 vibus,
428 3922 606 4016 Eupator:
633 3923 834 4019 Philippum
861 3948 1000 4022 quoque
1024 3925 1242 4002 Antiochiae
1268 3928 1429 4020 obsedit,
1449 3929 1498 4003 su·

306 4020 439 4111 travit,
465 4037 501 4090 et
520 4039 635 4092 morte
662 4020 818 4117 punivit.
869 4022 938 4097 Sed
966 4020 1068 4097 brevi
1093 4023 1172 4120 post
1188 4023 1420 4118 Demetrius,
1442 4020 1497 4124 qui

318 4142 420 4193 omae
447 4111 602 4223 obsidem
627 4119 780 4210 agebat,
822 4140 894 4192 nec
922 4115 1105 4193 honestam
1134 4145 1154 4193 a
1179 4123 1309 4195 Senatu
1340 4123 1499 4197 Romano

274 4215 510 4304 dimiffionem
536 4230 714 4303 inpetrare
733 4229 892 4308 poterat,
920 4212 1003 4289 ind-2
1028 4215 1197 4314 dilapsus,
1224 4214 1261 4288 in
1278 4217 1418 4311 Syriam
1442 4243 1497 4294 ve·

272 4316 355 4401 nit,
398 4331 438 4382 ut
464 4330 610 4405 regnum
636 4305 789 4401 patrium
817 4307 881 4382 srbi
905 4307 1105 4402 adsereret;
1146 4312 1240 4409 quod
1267 4314 1376 4388 etiam
1402 4308 1498 4390 brevi

154 4479 164 4500 x
275 4408 484 4496 consecutus
519 4404 587 4480 est:
632 4425 710 4476 etun
738 4426 862 4476 omnes
887 4403 1104 4498 Eupatorem
1137 4409 1358 4498 desererent,
1402 4405 1500 4487 etad

274 4502 502 4594 Demetrium
536 4502 759 4589 deficerent,
802 4498 890 4583 adeo
924 4501 1060 4589 etiam,
1105 4526 1143 4578 ut
1176 4530 1196 4577 a
1226 4503 1297 4597 suis¹
1326 4505 1500 4583 fueritin

274 4600 424 4711 gratiam
455 4599 636 4685 Demetrii
667 4597 912 4692 obtruncatus,
959 4620 1040 4673 eum
1067 4601 1142 4676 duos
1168 4619 1306 4682 tautum
1333 4601 1500 4707 regnasset

279 4776 295 4815 t
1198 4716 1203 4724 ’
1282 4760 1287 4771 .
1381 4706 1496 4776 annos}
