3575 5884
294 1100 365 1185 532
638 1024 784 1187 lusineio
806 1084 1039 1186 Ecclesiaste
1062 1084 1106 1168 V.
1134 1086 1175 1164 T.

294 1267 488 1365 legumque
513 1263 671 1341 civilium
720 1263 849 1345 atroni.
898 1262 1104 1346 Fabulosum
1130 1267 1227 1343 enim
1254 1265 1329 1358 est,
1357 1269 1451 1368 quod
1470 1266 1515 1344 de

294 1366 444 1454 maaca,
486 1363 653 1459 discipulo
686 1291 863 1462 intigoni
891 1368 1063 1457 Sochaei,
1104 1366 1353 1463 praeceptoris
1386 1365 1509 1440 diiium

293 1457 339 1534 de
368 1461 525 1556 praemio
554 1460 675 1532 futuro
701 1462 791 1533 male
817 1465 1044 1561 accipiente,
1081 1484 1119 1535 ct
1142 1461 1412 1557 distorquente,
1450 1460 1512 1534 acb

294 1558 384 1629 nulla
410 1556 495 1628 esset
527 1552 605 1650 post
632 1577 787 1629 mortem
819 1559 1074 1647 remuneratio,
1118 1557 1290 1645 traditur3
1334 1559 1406 1632 acsr
1435 1556 1507 1631 inde

293 1671 423 1724 nomen
448 1651 711 1724 Sadducaeorum
739 1652 856 1727 suisset
883 1675 1011 1729 ortum.
1057 1655 1244 1726 Praeterea
1265 1673 1404 1726 nomen
1432 1675 1506 1748 quo

291 1770 359 1842 que
383 1746 609 1836 Karaeorum,
635 1747 694 1820 seu
717 1750 1010 1844 Scripturariorum
1040 1751 1215 1838 tulerunt,
1243 1766 1420 1843 quatenus
1449 1769 1509 1820 tra·

286 1839 443 2010 tqietiqrres
466 1843 687 1938 rejecerunt:
727 1844 812 1917 licet
838 1844 965 1920 Karaei
997 1867 1073 1918 non
1095 1843 1164 1918 srnt
1188 1867 1269 1918 curn
1296 1842 1341 1918 iis
1367 1845 1511 1917 consun-

332 1958 408 2010 nt.

334 2032 366 2131 s.
390 2031 515 2110 DXV.
556 2029 637 2109 Hac
664 2032 801 2110 tatione
826 2034 944 2112 seeum
967 2032 1070 2110 divisi
1098 2030 1139 2111 in
1162 2029 1372 2144 principio,
1415 2037 1506 2111 dein·

287 2151 373 2299 ceps
390 2133 613 2206 devenerunt
637 2133 679 2204 ad
707 2132 925 2229 quaestiones
951 2131 1182 2220 theoreticae,
1206 2155 1254 2205 err
1280 2132 1359 2226 ipsa
1381 2130 1438 2206 illa
1461 2132 1509 2206 di·

286 2227 325 2299 vi
343 2251 424 2301 rone
451 2229 575 2323 sponte
603 2227 695 2323 quast
721 2231 780 2302 sua
806 2229 980 2303 oriundas.
1026 2226 1220 2317 Pharisaei,
1256 2225 1367 2301 studii
1395 2231 1506 2326 legum

224 2336 227 2342 '
285 2321 463 2397 ritualium
482 2343 519 2395 et
538 2323 790 2412 traditionum,
818 2343 980 2420 tanquam
1000 2321 1185 2397 necessarii
1200 2341 1238 2395 et
1255 2322 1435 2412 salutaris,
1458 2348 1505 2398 rr·

284 2419 421 2494 tionem
455 2416 645 2505 reddituri,
678 2440 754 2490 eam
779 2419 883 2494 facile
909 2446 928 2494 a
953 2423 1207 2492 remuneratione
1228 2416 1313 2516 post
1337 2417 1518 2509 mortem,

282 2516 375 2590 hanc
404 2511 656 2589 observantiam
683 2514 871 2606 secutura,
912 2539 954 2589 ac
980 2534 1212 2602 coronatura,
1259 2514 1505 2610 repetierunt;

283 2635 430 2709 eamque
448 2607 599 2684 maxime
616 2610 652 2683 in
663 2609 854 2685 traditione
870 2610 1080 2701 fundarunt,
1099 2633 1181 2684 cum
1196 2610 1417 2707 legitlitteru
1433 2635 1509 2685 eam·

282 2709 398 2782 minus
421 2726 543 2805 aperte
569 2706 807 2799 promitteret.
854 2707 1026 2803 Dogmata
1043 2705 1162 2802 itaque
1179 2705 1338 2801 ipsorum
1363 2707 1502 2802 propria

279 2802 425 2876 suerunt
455 2826 486 2875 r.
512 2801 837 2873 remunerationem
861 2803 937 2875 dari
964 2802 1051 2877 boni
1076 2801 1214 2897 operis,
1256 2802 1297 2875 in
1325 2803 1505 2900 religionis

281 2897 417 2971 ritualis
442 2892 617 2968 exercitio
644 2913 681 2968 et
700 2894 930 2970 traditionum
959 2896 1181 2971 observantia
1198 2896 1278 2985 srti,
1304 2921 1354 2972 ex
1378 2899 1499 2973 merito

206 3041 209 3046 ·
280 2994 494 3088 aliquatenus
528 2991 685 3066 dandam.
736 3013 769 3066 a.
795 2993 928 3067 Libero
965 3017 1103 3091 quoque
1138 2991 1288 3066 arbitrio
1320 2993 1505 3070 hominem

278 3089 348 3163 esse
373 3086 591 3183 praeditum,
627 3087 763 3184 quoad
789 3090 920 3163 bonum
945 3114 1033 3184 opus
1056 3087 1300 3185 praestandum
1329 3112 1433 3187 aptus
1453 3090 1500 3165 sit.

280 3209 313 3283 3.
348 3181 472 3259 Vitam
505 3184 579 3257 dari
616 3203 823 3274 aeternam,
867 3205 905 3258 et
940 3183 1234 3258 resurreiiionem
1267 3207 1497 3261 mortuorum.

276 3283 361 3386 Quo
391 3281 466 3379 ipso
492 3280 535 3354 ad
551 3278 750 3354 Platonicos
774 3280 919 3376 propius
944 3279 1180 3368 accedebant;
1204 3298 1244 3352 ut
1261 3282 1428 3357 observat
1444 3286 1499 3380 Jo-

279 3381 416 3477 sephus.
467 3377 656 3454 Sadducaei
677 3398 785 3463 vero,
809 3375 989 3452 soeietatis
1006 3375 1122 3451 civilis
1141 3375 1285 3449 salutem
1300 3394 1440 3453 tantum
1465 3379 1498 3452 in

276 3478 389 3550 oculis
414 3477 601 3566 habentes,
628 3493 665 3547 et
689 3474 828 3546 litterae
854 3473 942 3570 legis
967 3473 1210 3561 inhaerentes,
1243 3477 1502 3556 remuneratio

277 3592 359 3646 nem
374 3569 453 3664 post
478 3571 568 3644 hanc
585 3570 694 3644 vitam
720 3588 912 3677 negarunt,
936 3570 1095 3664 adeoque
1121 3591 1194 3641 nec
1212 3567 1367 3643 aniraam
1384 3571 1502 3669 superi

277 3667 367 3752 else,
395 3685 462 3734 nec
480 3688 637 3740 mortuos
652 3666 925 3751 resuscitandos,
950 3685 1010 3739 aut
1026 3662 1189 3737 ultimum
1212 3664 1417 3741 habendum
1432 3667 1505 3741 else*

274 3758 464 3867 judicium,
491 3760 685 3836 statuerunt
703 3763 813 3834 Matr.
839 3761 958 3835 XXll.
985 3778 1023 3832 et
1040 3761 1121 3834 Ate
1146 3761 1288 3834 XXI'II..
1308 3761 1371 3834 ubi
1389 3764 1504 3837 etiam·

276 3857 444 3944 traditur,
470 3876 531 3926 eos
556 3854 777 3933 existentiam
806 3858 941 3953 negasse
965 3857 1203 3953 Angelorum,
1230 3878 1296 3951 per
1320 3880 1429 3951 quos,
1454 3859 1497 3932 in.

277 3955 406 4052 Script.
427 3970 658 4042 memoratos,
678 3953 771 4024 sorte
791 3950 1040 4027 intellexerunt
1057 3951 1209 4026 evanida.
1221 3953 1392 4046 quaedam
1402 3955 1502 4052 spec*

169 4088 172 4095 ¹
275 4078 348 4144 tra,
377 4075 395 4123 a
414 4050 493 4122 Deo
513 4048 623 4118 omlis
640 4047 812 4142 subjeeta,
840 4049 926 4122 sicut
946 4073 1026 4122 cnm
1044 4049 1139 4144 igni,
1167 4046 1360 4120 flammaet
1378 4072 1500 4131 vento¹

274 4164 527 4242 comparantur.
574 4143 671 4213 Luca
687 4163 773 4215 vcro
795 4141 1134 4235 detrtd‘urrestione,
1159 4161 1196 4215 et
1211 4141 1372 4239 judicio,
1402 4166 1500 4220 retu·

273 4256 388 4331 lerunt
422 4241 463 4313 ad
491 4237 561 4310 Dei
597 4238 890 4332 gubernationem
921 4238 959 4312 in
991 4243 1068 4313 hoc
1096 4240 1222 4314 seruo.
1279 4239 1388 4314 Unde
1422 4241 1500 4333 est,

275 4341 367 4450 quod
386 4337 454 4433 Jos.
480 4360 540 4408 cos
566 4350 645 4408 cum
661 4329 868 4424 Epicuraeis
893 4335 1152 4430 comparaverit
1164 4359 1181 4424 3·
1200 4355 1269 4408 nec
1294 4354 1413 4411 tamen
1430 4361 1501 4412 eos=

274 4430 533 4527 Providentiam
558 4428 726 4505 Divinam
759 4427 899 4520 negasse
929 4450 991 4502 aut
1022 4431 1178 4520 constat,
1221 4448 1280 4504 aut
1312 4434 1496 4527 probabile

273 4540 349 4640 est,
372 4555 450 4615 curn
466 4525 596 4626 script.
620 4528 659 4606 8.
679 4520 903 4620 admiserint,
928 4546 995 4609 uec
1017 4526 1188 4622 librorum
1204 4525 1326 4610 Molis.
1340 4546 1510 4715 ιαηωιίιὲό
