<?xml version="1.0" encoding="UTF-8"?>
<!DOCTYPE html PUBLIC "-//W3C//DTD XHTML 1.0 Transitional//EN"
    "http://www.w3.org/TR/xhtml1/DTD/xhtml1-transitional.dtd">
<html xmlns="http://www.w3.org/1999/xhtml" xml:lang="en" lang="en">
 <head>
  <title>
</title>
<meta http-equiv="Content-Type" content="text/html;charset=utf-8" />
  <meta name='ocr-system' content='tesseract 3.04.00' />
  <meta name='ocr-capabilities' content='ocr_page ocr_carea ocr_par ocr_line ocrx_word'/>
</head>
<body>
  <div class='ocr_page' id='page_1' title='image "./hermannivenemai04venegoog/hermannivenemai04venegoog_0551.png"; bbox 0 0 3575 5884; ppageno 0'>
   <div class='ocr_carea' id='block_1_1' title="bbox 268 1065 1169 1191">
    <p class='ocr_par' dir='ltr' id='par_1_1' title="bbox 268 1065 1169 1191">
     <span class='ocr_line' id='line_1_1' title="bbox 268 1065 1169 1191; baseline 0 -48"><span class='ocrx_word' id='word_1_1' title='bbox 268 1081 353 1191; x_wconf 50' lang='lat'>§46</span> <span class='ocrx_word' id='word_1_2' title='bbox 625 1068 775 1168; x_wconf 64' lang='lat' dir='ltr'>Idstoria</span> <span class='ocrx_word' id='word_1_3' title='bbox 796 1065 1040 1168; x_wconf 68' lang='lat' dir='ltr'>Ecalqiastirae</span> <span class='ocrx_word' id='word_1_4' title='bbox 1055 1071 1099 1144; x_wconf 87' lang='lat' dir='ltr'>V.</span> <span class='ocrx_word' id='word_1_5' title='bbox 1128 1066 1169 1143; x_wconf 80' lang='lat' dir='ltr'>T.</span> 
     </span>
    </p>
   </div>
   <div class='ocr_carea' id='block_1_2' title="bbox 197 1246 1504 1447">
    <p class='ocr_par' dir='ltr' id='par_1_2' title="bbox 197 1246 1504 1455">
     <span class='ocr_line' id='line_1_2' title="bbox 275 1246 1503 1351; baseline -0.008 -22"><span class='ocrx_word' id='word_1_6' title='bbox 275 1257 325 1345; x_wconf 67' lang='lat' dir='ltr'>‚in</span> <span class='ocrx_word' id='word_1_7' title='bbox 351 1253 483 1351; x_wconf 88' lang='lat' dir='ltr'>Judaea</span> <span class='ocrx_word' id='word_1_8' title='bbox 509 1271 547 1328; x_wconf 89' lang='lat' dir='ltr'>et</span> <span class='ocrx_word' id='word_1_9' title='bbox 572 1250 737 1327; x_wconf 86' lang='lat' dir='ltr'>confiniis</span> <span class='ocrx_word' id='word_1_10' title='bbox 767 1250 865 1347; x_wconf 84' lang='lat' dir='ltr'>ejus,</span> <span class='ocrx_word' id='word_1_11' title='bbox 888 1271 951 1325; x_wconf 89' lang='lat' dir='ltr'>aut</span> <span class='ocrx_word' id='word_1_12' title='bbox 975 1248 1064 1326; x_wconf 85' lang='lat' dir='ltr'>lucri</span> <span class='ocrx_word' id='word_1_13' title='bbox 1089 1246 1312 1349; x_wconf 77' lang='lat' dir='ltr'>cupiditate,</span> <span class='ocrx_word' id='word_1_14' title='bbox 1346 1266 1404 1322; x_wconf 87' lang='lat' dir='ltr'>aut</span> <span class='ocrx_word' id='word_1_15' title='bbox 1424 1247 1503 1320; x_wconf 89' lang='lat' dir='ltr'>odio</span> 
     </span>
     <span class='ocr_line' id='line_1_3' title="bbox 197 1345 1504 1447; baseline -0.011 -18"><span class='ocrx_word' id='word_1_16' title='bbox 197 1405 205 1418; x_wconf 86' lang='lat'><strong>·</strong></span> <span class='ocrx_word' id='word_1_17' title='bbox 279 1350 325 1429; x_wconf 89' lang='lat' dir='ltr'>in</span> <span class='ocrx_word' id='word_1_18' title='bbox 354 1352 525 1447; x_wconf 54' lang='lat' dir='ltr'>Judacon</span> <span class='ocrx_word' id='word_1_19' title='bbox 551 1368 610 1423; x_wconf 90' lang='lat' dir='ltr'>aut</span> <span class='ocrx_word' id='word_1_20' title='bbox 634 1347 832 1422; x_wconf 80' lang='lat' dir='ltr'>ambitione</span> <span class='ocrx_word' id='word_1_21' title='bbox 855 1346 1032 1445; x_wconf 82' lang='lat' dir='ltr'>¹regnandi</span> <span class='ocrx_word' id='word_1_22' title='bbox 1055 1345 1277 1437; x_wconf 81' lang='lat' dir='ltr'>concitatae,</span> <span class='ocrx_word' id='word_1_23' title='bbox 1304 1369 1388 1442; x_wconf 87' lang='lat' dir='ltr'>quae</span> <span class='ocrx_word' id='word_1_24' title='bbox 1403 1346 1504 1417; x_wconf 88' lang='lat' dir='ltr'>multa</span> 
     </span>
    </p>
   </div>
   <div class='ocr_carea' id='block_1_3' title="bbox 282 1441 1533 1639">
    <p class='ocr_par' dir='ltr' id='par_1_3' title="bbox 282 1441 1533 1639">
     <span class='ocr_line' id='line_1_4' title="bbox 315 1441 1533 1553; baseline -0.009 -32"><span class='ocrx_word' id='word_1_25' title='bbox 315 1467 504 1545; x_wconf 54' lang='lat' dir='ltr'>epa-*rerunt</span> <span class='ocrx_word' id='word_1_26' title='bbox 520 1449 628 1534; x_wconf 88' lang='lat' dir='ltr'>mala;</span> <span class='ocrx_word' id='word_1_27' title='bbox 653 1463 692 1516; x_wconf 84' lang='lat' dir='ltr'>et</span> <span class='ocrx_word' id='word_1_28' title='bbox 737 1445 846 1519; x_wconf 86' lang='lat' dir='ltr'>udaea</span> <span class='ocrx_word' id='word_1_29' title='bbox 898 1447 973 1520; x_wconf 88' lang='lat' dir='ltr'>lena</span> <span class='ocrx_word' id='word_1_30' title='bbox 995 1463 1070 1519; x_wconf 87' lang='lat' dir='ltr'>erat</span> <span class='ocrx_word' id='word_1_31' title='bbox 1086 1441 1304 1553; x_wconf 75' lang='lat' dir='ltr'>latrociniis,</span> <span class='ocrx_word' id='word_1_32' title='bbox 1330 1441 1400 1551; x_wconf 79' lang='lat' dir='ltr'>Jos.</span> <span class='ocrx_word' id='word_1_33' title='bbox 1424 1442 1503 1514; x_wconf 84' lang='lat' dir='ltr'>Ant.</span> <span class='ocrx_word' id='word_1_34' title='bbox 1530 1504 1533 1511; x_wconf 87' lang='lat'>.</span> 
     </span>
     <span class='ocr_line' id='line_1_5' title="bbox 282 1444 1506 1639; baseline -0.01 -20"><span class='ocrx_word' id='word_1_35' title='bbox 282 1473 312 1629; x_wconf 71' lang='lat' dir='ltr'>i</span> <span class='ocrx_word' id='word_1_36' title='bbox 338 1545 460 1618; x_wconf 77' lang='lat' dir='ltr'>XVII:</span> <span class='ocrx_word' id='word_1_37' title='bbox 491 1566 545 1617; x_wconf 89' lang='lat' dir='ltr'>ro.</span> <span class='ocrx_word' id='word_1_38' title='bbox 572 1561 611 1615; x_wconf 90' lang='lat' dir='ltr'>et</span> <span class='ocrx_word' id='word_1_39' title='bbox 637 1540 683 1614; x_wconf 92' lang='lat' dir='ltr'>de</span> <span class='ocrx_word' id='word_1_40' title='bbox 708 1444 746 1616; x_wconf 74' lang='lat' dir='ltr'>d.</span> <span class='ocrx_word' id='word_1_41' title='bbox 773 1468 902 1639; x_wconf 69' lang='lat' dir='ltr'>Judi.</span> <span class='ocrx_word' id='word_1_42' title='bbox 928 1540 977 1615; x_wconf 83' lang='lat'>11:</span> <span class='ocrx_word' id='word_1_43' title='bbox 1001 1566 1037 1634; x_wconf 87' lang='lat'>4.</span> <span class='ocrx_word' id='word_1_44' title='bbox 1063 1564 1145 1637; x_wconf 90' lang='lat' dir='ltr'>qut,</span> <span class='ocrx_word' id='word_1_45' title='bbox 1175 1559 1318 1638; x_wconf 88' lang='lat' dir='ltr'>praeter</span> <span class='ocrx_word' id='word_1_46' title='bbox 1345 1539 1449 1627; x_wconf 82' lang='lat' dir='ltr'>altos,</span> <span class='ocrx_word' id='word_1_47' title='bbox 1472 1555 1506 1608; x_wconf 90' lang='lat' dir='ltr'>ut</span> 
     </span>
    </p>
   </div>
   <div class='ocr_carea' id='block_1_4' title="bbox 286 1634 1554 1846">
    <p class='ocr_par' dir='ltr' id='par_1_4' title="bbox 286 1634 1554 1846">
     <span class='ocr_line' id='line_1_6' title="bbox 286 1634 1506 1733; baseline -0.009 -17"><span class='ocrx_word' id='word_1_48' title='bbox 286 1641 489 1728; x_wconf 80' lang='lat' dir='ltr'>Simonem,</span> <span class='ocrx_word' id='word_1_49' title='bbox 518 1635 678 1712; x_wconf 80' lang='lat' dir='ltr'>Herodis</span> <span class='ocrx_word' id='word_1_50' title='bbox 700 1657 804 1712; x_wconf 87' lang='lat' dir='ltr'>antea</span> <span class='ocrx_word' id='word_1_51' title='bbox 821 1638 983 1729; x_wconf 88' lang='lat' dir='ltr'>servum,</span> <span class='ocrx_word' id='word_1_52' title='bbox 1006 1636 1255 1733; x_wconf 84' lang='lat' dir='ltr'>Atlrrongem,</span> <span class='ocrx_word' id='word_1_53' title='bbox 1282 1634 1506 1730; x_wconf 86' lang='lat' dir='ltr'>Opilionem,</span> 
     </span>
     <span class='ocr_line' id='line_1_7' title="bbox 287 1730 1554 1846; baseline -0.017 -25"><span class='ocrx_word' id='word_1_54' title='bbox 287 1737 349 1821; x_wconf 76' lang='lat' dir='ltr'>sed</span> <span class='ocrx_word' id='word_1_55' title='bbox 372 1734 556 1831; x_wconf 75' lang='lat' dir='ltr'><strong>gigantem</strong></span> <span class='ocrx_word' id='word_1_56' title='bbox 584 1733 698 1844; x_wconf 78' lang='lat' dir='ltr'>quasi,</span> <span class='ocrx_word' id='word_1_57' title='bbox 724 1734 785 1831; x_wconf 91' lang='lat' dir='ltr'>qui</span> <span class='ocrx_word' id='word_1_58' title='bbox 811 1734 970 1809; x_wconf 89' lang='lat' dir='ltr'>diadema</span> <span class='ocrx_word' id='word_1_59' title='bbox 998 1731 1060 1807; x_wconf 91' lang='lat' dir='ltr'>srbi</span> <span class='ocrx_word' id='word_1_60' title='bbox 1089 1734 1302 1822; x_wconf 84' lang='lat' dir='ltr'>sumserunt,</span> <span class='ocrx_word' id='word_1_61' title='bbox 1327 1756 1418 1827; x_wconf 91' lang='lat' dir='ltr'>quos</span> <span class='ocrx_word' id='word_1_62' title='bbox 1435 1730 1509 1803; x_wconf 90' lang='lat' dir='ltr'>mit·</span> <span class='ocrx_word' id='word_1_63' title='bbox 1551 1780 1554 1846; x_wconf 55' lang='lat'>1</span> 
     </span>
    </p>
   </div>
   <div class='ocr_carea' id='block_1_5' title="bbox 270 1826 1554 4702">
    <p class='ocr_par' dir='ltr' id='par_1_5' title="bbox 270 1826 1554 4702">
     <span class='ocr_line' id='line_1_8' title="bbox 288 1826 1554 1930; baseline -0.007 -23"><span class='ocrx_word' id='word_1_64' title='bbox 288 1853 350 1923; x_wconf 86' lang='lat' dir='ltr'>to,</span> <span class='ocrx_word' id='word_1_65' title='bbox 375 1850 551 1905; x_wconf 90' lang='lat' dir='ltr'>memorat</span> <span class='ocrx_word' id='word_1_66' title='bbox 568 1833 720 1930; x_wconf 78' lang='lat' dir='ltr'>aliquem</span> <span class='ocrx_word' id='word_1_67' title='bbox 731 1832 880 1925; x_wconf 84' lang='lat' dir='ltr'>Judam,</span> <span class='ocrx_word' id='word_1_68' title='bbox 907 1830 1105 1918; x_wconf 78' lang='lat' dir='ltr'>Ezechiae,</span> <span class='ocrx_word' id='word_1_69' title='bbox 1123 1833 1300 1904; x_wconf 82' lang='lat' dir='ltr'>latronum</span> <span class='ocrx_word' id='word_1_70' title='bbox 1317 1826 1509 1923; x_wconf 66' lang='lat' dir='ltr'>praefatu,</span> <span class='ocrx_word' id='word_1_71' title='bbox 1553 1872 1554 1907; x_wconf 63' lang='lat'><em>2</em></span> 
     </span>
     <span class='ocr_line' id='line_1_9' title="bbox 284 1922 1510 2027; baseline -0.007 -23"><span class='ocrx_word' id='word_1_72' title='bbox 284 1931 333 2025; x_wconf 16' lang='lat' dir='ltr'>‘ab</span> <span class='ocrx_word' id='word_1_73' title='bbox 361 1927 722 2027; x_wconf 80' lang='lat' dir='ltr'>Herode&#39;opprelsr,</span> <span class='ocrx_word' id='word_1_74' title='bbox 763 1926 898 2017; x_wconf 82' lang='lat' dir='ltr'>filiurn,</span> <span class='ocrx_word' id='word_1_75' title='bbox 937 1924 996 2024; x_wconf 90' lang='lat' dir='ltr'>qui</span> <span class='ocrx_word' id='word_1_76' title='bbox 1024 1927 1119 2023; x_wconf 88' lang='lat' dir='ltr'>apud</span> <span class='ocrx_word' id='word_1_77' title='bbox 1143 1925 1377 2024; x_wconf 87' lang='lat' dir='ltr'>Sepplrorim‚</span> <span class='ocrx_word' id='word_1_78' title='bbox 1424 1922 1510 1997; x_wconf 89' lang='lat' dir='ltr'>Gali·</span> 
     </span>
     <span class='ocr_line' id='line_1_10' title="bbox 286 2020 1510 2122; baseline -0.009 -21"><span class='ocrx_word' id='word_1_79' title='bbox 286 2025 385 2102; x_wconf 87' lang='lat' dir='ltr'>laeae</span> <span class='ocrx_word' id='word_1_80' title='bbox 409 2023 600 2122; x_wconf 91' lang='lat' dir='ltr'>oppidum,</span> <span class='ocrx_word' id='word_1_81' title='bbox 627 2026 665 2098; x_wconf 94' lang='lat' dir='ltr'>in</span> <span class='ocrx_word' id='word_1_82' title='bbox 691 2024 786 2099; x_wconf 88' lang='lat' dir='ltr'>tribu</span> <span class='ocrx_word' id='word_1_83' title='bbox 804 2020 1013 2114; x_wconf 89' lang='lat' dir='ltr'>Zabulonis,</span> <span class='ocrx_word' id='word_1_84' title='bbox 1038 2021 1160 2120; x_wconf 87' lang='lat' dir='ltr'>postea</span> <span class='ocrx_word' id='word_1_85' title='bbox 1186 2020 1425 2095; x_wconf 83' lang='lat' dir='ltr'>Diocesareae</span> <span class='ocrx_word' id='word_1_86' title='bbox 1453 2043 1510 2092; x_wconf 88' lang='lat' dir='ltr'>nu·</span> 
     </span>
     <span class='ocr_line' id='line_1_11' title="bbox 286 2117 1513 2215; baseline -0.009 -17"><span class='ocrx_word' id='word_1_87' title='bbox 286 2122 390 2209; x_wconf 62' lang='lat' dir='ltr'>‚mine</span> <span class='ocrx_word' id='word_1_88' title='bbox 415 2141 561 2210; x_wconf 83' lang='lat' dir='ltr'>notum,</span> <span class='ocrx_word' id='word_1_89' title='bbox 594 2119 714 2195; x_wconf 60' lang='lat' dir='ltr'>coatia</span> <span class='ocrx_word' id='word_1_90' title='bbox 740 2122 955 2194; x_wconf 87' lang='lat' dir='ltr'>nebulonum</span> <span class='ocrx_word' id='word_1_91' title='bbox 982 2141 1116 2208; x_wconf 88' lang='lat' dir='ltr'>tunna,</span> <span class='ocrx_word' id='word_1_92' title='bbox 1151 2141 1246 2191; x_wconf 89' lang='lat' dir='ltr'>anna</span> <span class='ocrx_word' id='word_1_93' title='bbox 1269 2136 1308 2191; x_wconf 88' lang='lat' dir='ltr'>et</span> <span class='ocrx_word' id='word_1_94' title='bbox 1333 2117 1513 2215; x_wconf 78' lang='lat' dir='ltr'>pecuniam</span> 
     </span>
     <span class='ocr_line' id='line_1_12' title="bbox 290 2212 1513 2313; baseline -0.007 -21"><span class='ocrx_word' id='word_1_95' title='bbox 290 2216 388 2293; x_wconf 90' lang='lat' dir='ltr'>urbis</span> <span class='ocrx_word' id='word_1_96' title='bbox 415 2216 583 2313; x_wconf 85' lang='lat' dir='ltr'>diripuit,</span> <span class='ocrx_word' id='word_1_97' title='bbox 608 2241 650 2292; x_wconf 92' lang='lat' dir='ltr'>ac</span> <span class='ocrx_word' id='word_1_98' title='bbox 677 2217 772 2290; x_wconf 83' lang='lat' dir='ltr'>inter</span> <span class='ocrx_word' id='word_1_99' title='bbox 796 2216 875 2290; x_wconf 85' lang='lat' dir='ltr'>suos</span> <span class='ocrx_word' id='word_1_100' title='bbox 900 2212 1098 2312; x_wconf 84' lang='lat' dir='ltr'>distribuit,</span> <span class='ocrx_word' id='word_1_101' title='bbox 1125 2232 1371 2311; x_wconf 80' lang='lat' dir='ltr'>terroremque</span> <span class='ocrx_word' id='word_1_102' title='bbox 1387 2212 1513 2308; x_wconf 80' lang='lat' dir='ltr'>ubique</span> 
     </span>
     <span class='ocr_line' id='line_1_13' title="bbox 290 2308 1515 2409; baseline -0.008 -18"><span class='ocrx_word' id='word_1_103' title='bbox 290 2314 538 2400; x_wconf 87' lang='lat' dir='ltr'>circumtulit,</span> <span class='ocrx_word' id='word_1_104' title='bbox 583 2332 620 2384; x_wconf 90' lang='lat' dir='ltr'>et</span> <span class='ocrx_word' id='word_1_105' title='bbox 645 2336 793 2409; x_wconf 86' lang='lat' dir='ltr'>regnum</span> <span class='ocrx_word' id='word_1_106' title='bbox 824 2311 997 2387; x_wconf 87' lang='lat' dir='ltr'>ambivit:</span> <span class='ocrx_word' id='word_1_107' title='bbox 1039 2312 1139 2409; x_wconf 82' lang='lat' dir='ltr'>cujus</span> <span class='ocrx_word' id='word_1_108' title='bbox 1169 2309 1394 2384; x_wconf 88' lang='lat' dir='ltr'>mentionem</span> <span class='ocrx_word' id='word_1_109' title='bbox 1424 2308 1515 2394; x_wconf 86' lang='lat' dir='ltr'>feci,</span> 
     </span>
     <span class='ocr_line' id='line_1_14' title="bbox 295 2403 1513 2503; baseline -0.007 -15"><span class='ocrx_word' id='word_1_110' title='bbox 295 2484 297 2488; x_wconf 75' lang='grc'><strong>,</strong></span> <span class='ocrx_word' id='word_1_111' title='bbox 317 2411 387 2486; x_wconf 89' lang='lat' dir='ltr'>uod</span> <span class='ocrx_word' id='word_1_112' title='bbox 404 2408 498 2482; x_wconf 88' lang='lat' dir='ltr'>sorte</span> <span class='ocrx_word' id='word_1_113' title='bbox 517 2407 637 2481; x_wconf 89' lang='lat' dir='ltr'>haberi</span> <span class='ocrx_word' id='word_1_114' title='bbox 657 2409 781 2503; x_wconf 84' lang='lat' dir='ltr'>poffit,</span> <span class='ocrx_word' id='word_1_115' title='bbox 810 2432 890 2482; x_wconf 85' lang='lat' dir='ltr'>cunr</span> <span class='ocrx_word' id='word_1_116' title='bbox 909 2406 1072 2494; x_wconf 79' lang='lat' dir='ltr'>Ufferio,</span> <span class='ocrx_word' id='word_1_117' title='bbox 1100 2430 1166 2503; x_wconf 92' lang='lat' dir='ltr'>pro</span> <span class='ocrx_word' id='word_1_118' title='bbox 1185 2405 1339 2481; x_wconf 87' lang='lat' dir='ltr'>Theuda</span> <span class='ocrx_word' id='word_1_119' title='bbox 1358 2406 1420 2480; x_wconf 93' lang='lat' dir='ltr'>illo</span> <span class='ocrx_word' id='word_1_120' title='bbox 1438 2403 1513 2481; x_wconf 77' lang='lat' dir='ltr'>nn.</span> 
     </span>
     <span class='ocr_line' id='line_1_15' title="bbox 292 2435 1516 2603; baseline -0.005 -22"><span class='ocrx_word' id='word_1_121' title='bbox 292 2435 344 2593; x_wconf 52' lang='lat' dir='ltr'>il:</span> <span class='ocrx_word' id='word_1_122' title='bbox 373 2511 430 2603; x_wconf 85' lang='lat'>36.</span> <span class='ocrx_word' id='word_1_123' title='bbox 457 2527 537 2579; x_wconf 88' lang='lat' dir='ltr'>curn</span> <span class='ocrx_word' id='word_1_124' title='bbox 561 2505 708 2578; x_wconf 90' lang='lat' dir='ltr'>nomina</span> <span class='ocrx_word' id='word_1_125' title='bbox 735 2505 852 2579; x_wconf 63' lang='lat' dir='ltr'>trum</span> <span class='ocrx_word' id='word_1_126' title='bbox 876 2522 914 2578; x_wconf 88' lang='lat' dir='ltr'>et</span> <span class='ocrx_word' id='word_1_127' title='bbox 943 2505 1077 2597; x_wconf 57' lang='lat' dir='ltr'>nomn</span> <span class='ocrx_word' id='word_1_128' title='bbox 1104 2526 1178 2576; x_wconf 93' lang='lat' dir='ltr'>non</span> <span class='ocrx_word' id='word_1_129' title='bbox 1205 2502 1297 2577; x_wconf 90' lang='lat' dir='ltr'>adeo</span> <span class='ocrx_word' id='word_1_130' title='bbox 1330 2502 1516 2594; x_wconf 85' lang='lat' dir='ltr'>differant,</span> 
     </span>
     <span class='ocr_line' id='line_1_16' title="bbox 293 2593 1517 2715; baseline -0.008 -35"><span class='ocrx_word' id='word_1_131' title='bbox 293 2602 383 2715; x_wconf 81' lang='lat' dir='ltr'>Juda</span> <span class='ocrx_word' id='word_1_132' title='bbox 406 2623 569 2700; x_wconf 89' lang='lat' dir='ltr'>quoque,</span> <span class='ocrx_word' id='word_1_133' title='bbox 603 2625 690 2679; x_wconf 88' lang='lat' dir='ltr'>unus</span> <span class='ocrx_word' id='word_1_134' title='bbox 715 2593 992 2701; x_wconf 80' lang='lat' dir='ltr'>Apostolorum,</span> <span class='ocrx_word' id='word_1_135' title='bbox 1025 2597 1302 2696; x_wconf 86' lang='lat' dir='ltr'>cognominetur</span> <span class='ocrx_word' id='word_1_136' title='bbox 1330 2598 1517 2692; x_wconf 78' lang='lat' dir='ltr'>Taddaeas,</span> 
     </span>
     <span class='ocr_line' id='line_1_17' title="bbox 289 2695 1515 2794; baseline -0.005 -20"><span class='ocrx_word' id='word_1_137' title='bbox 289 2702 353 2783; x_wconf 79' lang='lat' dir='ltr'>vel</span> <span class='ocrx_word' id='word_1_138' title='bbox 379 2697 484 2773; x_wconf 89' lang='lat' dir='ltr'>facile</span> <span class='ocrx_word' id='word_1_139' title='bbox 509 2695 703 2794; x_wconf 84' lang='lat' dir='ltr'>permutari</span> <span class='ocrx_word' id='word_1_140' title='bbox 728 2697 937 2794; x_wconf 85' lang='lat' dir='ltr'>potuerint,</span> <span class='ocrx_word' id='word_1_141' title='bbox 977 2715 1015 2771; x_wconf 92' lang='lat' dir='ltr'>et</span> <span class='ocrx_word' id='word_1_142' title='bbox 1040 2716 1204 2794; x_wconf 87' lang='lat' dir='ltr'>tempora</span> <span class='ocrx_word' id='word_1_143' title='bbox 1230 2697 1323 2771; x_wconf 83' lang='lat' dir='ltr'>b&#39;eue</span> <span class='ocrx_word' id='word_1_144' title='bbox 1348 2697 1515 2772; x_wconf 76' lang='lat' dir='ltr'>conveni·</span> 
     </span>
     <span class='ocr_line' id='line_1_18' title="bbox 291 2788 1515 2962; baseline -0.005 -92"><span class='ocrx_word' id='word_1_145' title='bbox 291 2798 377 2881; x_wconf 77' lang='lat' dir='ltr'>ant,</span> <span class='ocrx_word' id='word_1_146' title='bbox 403 2791 646 2888; x_wconf 86' lang='lat' dir='ltr'>praemittitur</span> <span class='ocrx_word' id='word_1_147' title='bbox 673 2792 771 2865; x_wconf 87' lang='lat' dir='ltr'>enim</span> <span class='ocrx_word' id='word_1_148' title='bbox 792 2794 911 2962; x_wconf 55' lang='lat' dir='ltr'>{udae</span> <span class='ocrx_word' id='word_1_149' title='bbox 932 2788 1111 2886; x_wconf 76' lang='lat' dir='ltr'>Galilaea,</span> <span class='ocrx_word' id='word_1_150' title='bbox 1144 2814 1316 2888; x_wconf 80' lang='lat' dir='ltr'>tempore·</span> <span class='ocrx_word' id='word_1_151' title='bbox 1336 2790 1515 2890; x_wconf 88' lang='lat' dir='ltr'>descripti-</span> 
     </span>
     <span class='ocr_line' id='line_1_19' title="bbox 290 2882 1294 2988; baseline 0.001 -26"><span class='ocrx_word' id='word_1_152' title='bbox 290 2886 395 2982; x_wconf 70' lang='lat' dir='ltr'>onis,</span> <span class='ocrx_word' id='word_1_153' title='bbox 423 2885 501 2981; x_wconf 90' lang='lat' dir='ltr'>post</span> <span class='ocrx_word' id='word_1_154' title='bbox 523 2885 736 2963; x_wconf 77' lang='lat' dir='ltr'>Archelaum</span> <span class='ocrx_word' id='word_1_155' title='bbox 764 2906 977 2988; x_wconf 85' lang='lat' dir='ltr'>reegatum,</span> <span class='ocrx_word' id='word_1_156' title='bbox 1003 2882 1171 2963; x_wconf 90' lang='lat' dir='ltr'>seditioso</span> <span class='ocrx_word' id='word_1_157' title='bbox 1199 2889 1294 2963; x_wconf 88' lang='lat' dir='ltr'>viro.</span> 
     </span>
     <span class='ocr_line' id='line_1_20' title="bbox 291 2982 1518 3087; baseline 0.002 -32"><span class='ocrx_word' id='word_1_158' title='bbox 291 3066 299 3078; x_wconf 30' lang='lat'><em>⁶</em></span> <span class='ocrx_word' id='word_1_159' title='bbox 337 2984 371 3082; x_wconf 51' lang='grc' dir='ltr'>ᾗ.</span> <span class='ocrx_word' id='word_1_160' title='bbox 404 2982 582 3057; x_wconf 86' lang='lat' dir='ltr'>DXXVI.</span> <span class='ocrx_word' id='word_1_161' title='bbox 625 2984 802 3087; x_wconf 81' lang='lat' dir='ltr'>Archelao</span> <span class='ocrx_word' id='word_1_162' title='bbox 837 2987 1017 3084; x_wconf 78' lang='lat' dir='ltr'>relegam,</span> <span class='ocrx_word' id='word_1_163' title='bbox 1051 2985 1179 3081; x_wconf 89' lang='lat' dir='ltr'>Judaea</span> <span class='ocrx_word' id='word_1_164' title='bbox 1207 2984 1421 3082; x_wconf 88' lang='lat' dir='ltr'>provinciae</span> <span class='ocrx_word' id='word_1_165' title='bbox 1449 2987 1518 3059; x_wconf 93' lang='lat' dir='ltr'>Ro-</span> 
     </span>
     <span class='ocr_line' id='line_1_21' title="bbox 290 3076 1518 3180; baseline 0.002 -28"><span class='ocrx_word' id='word_1_166' title='bbox 290 3102 413 3171; x_wconf 82' lang='lat' dir='ltr'>manae</span> <span class='ocrx_word' id='word_1_167' title='bbox 444 3076 595 3153; x_wconf 86' lang='lat' dir='ltr'>sormam</span> <span class='ocrx_word' id='word_1_168' title='bbox 618 3080 781 3176; x_wconf 89' lang='lat' dir='ltr'>accepit,</span> <span class='ocrx_word' id='word_1_169' title='bbox 809 3080 930 3180; x_wconf 85' lang='lat' dir='ltr'>Syriae</span> <span class='ocrx_word' id='word_1_170' title='bbox 954 3081 1147 3173; x_wconf 87' lang='lat' dir='ltr'>accensrta,</span> <span class='ocrx_word' id='word_1_171' title='bbox 1173 3102 1212 3156; x_wconf 92' lang='lat' dir='ltr'>et</span> <span class='ocrx_word' id='word_1_172' title='bbox 1237 3106 1302 3180; x_wconf 91' lang='lat' dir='ltr'>per</span> <span class='ocrx_word' id='word_1_173' title='bbox 1321 3085 1518 3156; x_wconf 82' lang='lat' dir='ltr'>Procurato-</span> 
     </span>
     <span class='ocr_line' id='line_1_22' title="bbox 290 3172 1517 3285; baseline 0 -35"><span class='ocrx_word' id='word_1_174' title='bbox 290 3203 344 3285; x_wconf 59' lang='lat' dir='ltr'>res</span> <span class='ocrx_word' id='word_1_175' title='bbox 362 3175 565 3281; x_wconf 75' lang='lat' dir='ltr'>Romanor,</span> <span class='ocrx_word' id='word_1_176' title='bbox 592 3175 738 3281; x_wconf 82' lang='lat' dir='ltr'>nomine</span> <span class='ocrx_word' id='word_1_177' title='bbox 753 3172 1022 3272; x_wconf 84' lang='lat' dir='ltr'>Romanorum,</span> <span class='ocrx_word' id='word_1_178' title='bbox 1049 3178 1296 3270; x_wconf 84' lang='lat' dir='ltr'>administrata.</span> <span class='ocrx_word' id='word_1_179' title='bbox 1346 3177 1417 3279; x_wconf 80' lang='lat' dir='ltr'>Qui</span> <span class='ocrx_word' id='word_1_180' title='bbox 1434 3181 1517 3250; x_wconf 92' lang='lat' dir='ltr'>Pro·</span> 
     </span>
     <span class='ocr_line' id='line_1_23' title="bbox 291 3270 1517 3367; baseline -0.003 -17"><span class='ocrx_word' id='word_1_181' title='bbox 291 3274 495 3367; x_wconf 63' lang='lat' dir='ltr'>curatores,</span> <span class='ocrx_word' id='word_1_182' title='bbox 527 3290 568 3344; x_wconf 90' lang='lat' dir='ltr'>ut</span> <span class='ocrx_word' id='word_1_183' title='bbox 593 3270 680 3345; x_wconf 86' lang='lat' dir='ltr'>rllud</span> <span class='ocrx_word' id='word_1_184' title='bbox 704 3293 786 3346; x_wconf 89' lang='lat' dir='ltr'>ante</span> <span class='ocrx_word' id='word_1_185' title='bbox 815 3273 934 3348; x_wconf 91' lang='lat' dir='ltr'>omnia</span> <span class='ocrx_word' id='word_1_186' title='bbox 957 3275 1164 3367; x_wconf 88' lang='lat' dir='ltr'>observem,</span> <span class='ocrx_word' id='word_1_187' title='bbox 1196 3299 1271 3350; x_wconf 87' lang='lat' dir='ltr'>non</span> <span class='ocrx_word' id='word_1_188' title='bbox 1298 3274 1443 3350; x_wconf 88' lang='lat' dir='ltr'>suerunt</span> <span class='ocrx_word' id='word_1_189' title='bbox 1469 3274 1517 3346; x_wconf 87' lang='lat' dir='ltr'>ita</span> 
     </span>
     <span class='ocr_line' id='line_1_24' title="bbox 290 3353 1516 3475; baseline -0.002 -30"><span class='ocrx_word' id='word_1_190' title='bbox 290 3353 415 3475; x_wconf 70' lang='lat' dir='ltr'>liiidie</span> <span class='ocrx_word' id='word_1_191' title='bbox 440 3362 549 3475; x_wconf 64' lang='lat' dir='ltr'>dicii,</span> <span class='ocrx_word' id='word_1_192' title='bbox 567 3369 647 3466; x_wconf 48' lang='lat' dir='ltr'>rqui,</span> <span class='ocrx_word' id='word_1_193' title='bbox 671 3369 848 3454; x_wconf 74' lang='lat' dir='ltr'>rationales</span> <span class='ocrx_word' id='word_1_194' title='bbox 874 3372 1155 3470; x_wconf 82' lang='lat' dir='ltr'>adpellabantur,</span> <span class='ocrx_word' id='word_1_195' title='bbox 1188 3393 1225 3446; x_wconf 86' lang='lat' dir='ltr'>et</span> <span class='ocrx_word' id='word_1_196' title='bbox 1256 3370 1400 3448; x_wconf 85' lang='lat' dir='ltr'>tributis</span> <span class='ocrx_word' id='word_1_197' title='bbox 1423 3371 1516 3444; x_wconf 91' lang='lat' dir='ltr'>colli·</span> 
     </span>
     <span class='ocr_line' id='line_1_25' title="bbox 291 3460 1517 3567; baseline 0 -27"><span class='ocrx_word' id='word_1_198' title='bbox 291 3462 642 3567; x_wconf 55' lang='lat' dir='ltr'>gemin-rebusque</span> <span class='ocrx_word' id='word_1_199' title='bbox 668 3460 745 3549; x_wconf 88' lang='lat' dir='ltr'>fisci</span> <span class='ocrx_word' id='word_1_200' title='bbox 768 3465 921 3542; x_wconf 85' lang='lat' dir='ltr'>Caesaris</span> <span class='ocrx_word' id='word_1_201' title='bbox 950 3487 1088 3544; x_wconf 87' lang='lat' dir='ltr'>tanturn</span> <span class='ocrx_word' id='word_1_202' title='bbox 1108 3488 1322 3566; x_wconf 82' lang='lat' dir='ltr'>praeerant,</span> <span class='ocrx_word' id='word_1_203' title='bbox 1347 3468 1402 3543; x_wconf 88' lang='lat' dir='ltr'>uti</span> <span class='ocrx_word' id='word_1_204' title='bbox 1431 3491 1517 3540; x_wconf 90' lang='lat' dir='ltr'>non·</span> 
     </span>
     <span class='ocr_line' id='line_1_26' title="bbox 291 3558 1517 3669; baseline -0.004 -28"><span class='ocrx_word' id='word_1_205' title='bbox 291 3562 400 3669; x_wconf 38' lang='lat' dir='ltr'>nullis·</span> <span class='ocrx_word' id='word_1_206' title='bbox 419 3560 533 3636; x_wconf 90' lang='lat' dir='ltr'>visum</span> <span class='ocrx_word' id='word_1_207' title='bbox 562 3560 633 3653; x_wconf 83' lang='lat' dir='ltr'>est,</span> <span class='ocrx_word' id='word_1_208' title='bbox 676 3558 735 3636; x_wconf 89' lang='lat' dir='ltr'>sed</span> <span class='ocrx_word' id='word_1_209' title='bbox 761 3564 799 3639; x_wconf 92' lang='lat' dir='ltr'>in</span> <span class='ocrx_word' id='word_1_210' title='bbox 828 3565 961 3664; x_wconf 87' lang='lat' dir='ltr'>Judaea</span> <span class='ocrx_word' id='word_1_211' title='bbox 994 3562 1090 3640; x_wconf 88' lang='lat' dir='ltr'>srmul</span> <span class='ocrx_word' id='word_1_212' title='bbox 1122 3563 1415 3662; x_wconf 71' lang='lat' dir='ltr'>vice-praestator,</span> <span class='ocrx_word' id='word_1_213' title='bbox 1460 3562 1517 3661; x_wconf 92' lang='lat' dir='ltr'>qui</span> 
     </span>
     <span class='ocr_line' id='line_1_27' title="bbox 295 3657 1520 3756; baseline 0 -23"><span class='ocrx_word' id='word_1_214' title='bbox 295 3657 423 3733; x_wconf 84' lang='lat' dir='ltr'>‘udrcra</span> <span class='ocrx_word' id='word_1_215' title='bbox 458 3681 598 3756; x_wconf 90' lang='lat' dir='ltr'>quoque</span> <span class='ocrx_word' id='word_1_216' title='bbox 632 3665 868 3753; x_wconf 82' lang='lat' dir='ltr'>exercebant,</span> <span class='ocrx_word' id='word_1_217' title='bbox 910 3662 997 3735; x_wconf 88' lang='lat' dir='ltr'>srcut</span> <span class='ocrx_word' id='word_1_218' title='bbox 1029 3661 1158 3738; x_wconf 86' lang='lat' dir='ltr'>Pilatus</span> <span class='ocrx_word' id='word_1_219' title='bbox 1188 3664 1227 3736; x_wconf 93' lang='lat' dir='ltr'>in</span> <span class='ocrx_word' id='word_1_220' title='bbox 1256 3662 1358 3737; x_wconf 86' lang='lat' dir='ltr'>causa</span> <span class='ocrx_word' id='word_1_221' title='bbox 1392 3658 1520 3736; x_wconf 82' lang='lat' dir='ltr'>Christi</span> 
     </span>
     <span class='ocr_line' id='line_1_28' title="bbox 284 3687 1516 3926; baseline 0.001 -98"><span class='ocrx_word' id='word_1_222' title='bbox 284 3687 403 3862; x_wconf 64' lang='lat' dir='ltr'>iecit,</span> <span class='ocrx_word' id='word_1_223' title='bbox 445 3750 585 3859; x_wconf 80' lang='lat' dir='ltr'>dequo</span> <span class='ocrx_word' id='word_1_224' title='bbox 620 3777 665 3851; x_wconf 80' lang='lat' dir='ltr'>ex</span> <span class='ocrx_word' id='word_1_225' title='bbox 699 3756 771 3926; x_wconf 51' lang='lat' dir='ltr'>{os</span> <span class='ocrx_word' id='word_1_226' title='bbox 807 3760 894 3833; x_wconf 82' lang='lat' dir='ltr'>Ant.</span> <span class='ocrx_word' id='word_1_227' title='bbox 928 3760 1068 3845; x_wconf 85' lang='lat' dir='ltr'>XVIII:</span> <span class='ocrx_word' id='word_1_228' title='bbox 1099 3785 1129 3834; x_wconf 87' lang='lat'>1.</span> <span class='ocrx_word' id='word_1_229' title='bbox 1166 3779 1203 3831; x_wconf 92' lang='lat' dir='ltr'>et</span> <span class='ocrx_word' id='word_1_230' title='bbox 1233 3759 1457 3856; x_wconf 83' lang='lat' dir='ltr'>B.Jud.11:</span> <span class='ocrx_word' id='word_1_231' title='bbox 1485 3765 1516 3837; x_wconf 89' lang='lat'>8.</span> 
     </span>
     <span class='ocr_line' id='line_1_29' title="bbox 289 3841 1517 3955; baseline 0.001 -31"><span class='ocrx_word' id='word_1_232' title='bbox 289 3851 383 3951; x_wconf 81' lang='lat' dir='ltr'>clare</span> <span class='ocrx_word' id='word_1_233' title='bbox 409 3841 490 3934; x_wconf 75' lang='lat' dir='ltr'>satas</span> <span class='ocrx_word' id='word_1_234' title='bbox 506 3849 657 3955; x_wconf 73' lang='lat' dir='ltr'>constat.</span> <span class='ocrx_word' id='word_1_235' title='bbox 744 3851 792 3928; x_wconf 90' lang='lat' dir='ltr'>id.</span> <span class='ocrx_word' id='word_1_236' title='bbox 821 3852 943 3928; x_wconf 89' lang='lat' dir='ltr'>Goesri</span> <span class='ocrx_word' id='word_1_237' title='bbox 967 3856 1097 3929; x_wconf 81' lang='lat' dir='ltr'>Pilatus</span> <span class='ocrx_word' id='word_1_238' title='bbox 1116 3855 1252 3949; x_wconf 81' lang='lat' dir='ltr'>Jadaa,</span> <span class='ocrx_word' id='word_1_239' title='bbox 1278 3855 1459 3942; x_wconf 85' lang='lat' dir='ltr'>Salmasrus</span> <span class='ocrx_word' id='word_1_240' title='bbox 1475 3852 1517 3925; x_wconf 85' lang='lat' dir='ltr'>de</span> 
     </span>
     <span class='ocr_line' id='line_1_30' title="bbox 292 3945 1518 4118; baseline 0.002 -98"><span class='ocrx_word' id='word_1_241' title='bbox 292 3945 581 4053; x_wconf 74' lang='lat' dir='ltr'>Procuratorrbus</span> <span class='ocrx_word' id='word_1_242' title='bbox 606 3970 746 4118; x_wconf 45' lang='lat' dir='ltr'>quocffne</span> <span class='ocrx_word' id='word_1_243' title='bbox 770 3950 1006 4043; x_wconf 76' lang='lat' dir='ltr'>Praesidibus,</span> <span class='ocrx_word' id='word_1_244' title='bbox 1041 3953 1083 4026; x_wconf 88' lang='lat' dir='ltr'>ad</span> <span class='ocrx_word' id='word_1_245' title='bbox 1109 3951 1280 4051; x_wconf 84' lang='lat' dir='ltr'>Spartian.</span> <span class='ocrx_word' id='word_1_246' title='bbox 1307 3952 1347 4026; x_wconf 92' lang='lat' dir='ltr'>in</span> <span class='ocrx_word' id='word_1_247' title='bbox 1371 3949 1518 4026; x_wconf 90' lang='lat' dir='ltr'>Hadria·</span> 
     </span>
     <span class='ocr_line' id='line_1_31' title="bbox 291 4044 1516 4150; baseline 0.001 -34"><span class='ocrx_word' id='word_1_248' title='bbox 291 4068 340 4150; x_wconf 79' lang='lat' dir='ltr'>no</span> <span class='ocrx_word' id='word_1_249' title='bbox 357 4067 432 4138; x_wconf 90' lang='lat' dir='ltr'>cap.</span> <span class='ocrx_word' id='word_1_250' title='bbox 454 4058 509 4136; x_wconf 79' lang='lat'>13.</span> <span class='ocrx_word' id='word_1_251' title='bbox 530 4058 566 4111; x_wconf 92' lang='lat' dir='ltr'>et</span> <span class='ocrx_word' id='word_1_252' title='bbox 585 4044 660 4148; x_wconf 65' lang='lat' dir='ltr'>an</span> <span class='ocrx_word' id='word_1_253' title='bbox 711 4045 917 4125; x_wconf 89' lang='lat' dir='ltr'>ershoekius</span> <span class='ocrx_word' id='word_1_254' title='bbox 934 4050 971 4125; x_wconf 92' lang='lat' dir='ltr'>in</span> <span class='ocrx_word' id='word_1_255' title='bbox 990 4050 1136 4125; x_wconf 85' lang='lat' dir='ltr'>Observ.</span> <span class='ocrx_word' id='word_1_256' title='bbox 1163 4049 1256 4146; x_wconf 90' lang='lat' dir='ltr'>Juris</span> <span class='ocrx_word' id='word_1_257' title='bbox 1274 4048 1455 4137; x_wconf 88' lang='lat' dir='ltr'>Romani,</span> <span class='ocrx_word' id='word_1_258' title='bbox 1475 4068 1516 4119; x_wconf 89' lang='lat' dir='ltr'>ne</span> 
     </span>
     <span class='ocr_line' id='line_1_32' title="bbox 293 4135 1518 4246; baseline 0.002 -35"><span class='ocrx_word' id='word_1_259' title='bbox 293 4140 380 4245; x_wconf 77' lang='lat' dir='ltr'>altos</span> <span class='ocrx_word' id='word_1_260' title='bbox 401 4137 536 4246; x_wconf 40' lang='lat' dir='ltr'>citerna·</span> <span class='ocrx_word' id='word_1_261' title='bbox 556 4135 711 4231; x_wconf 81' lang='lat' dir='ltr'>-Prrmus</span> <span class='ocrx_word' id='word_1_262' title='bbox 737 4143 948 4219; x_wconf 90' lang='lat' dir='ltr'>Procurator</span> <span class='ocrx_word' id='word_1_263' title='bbox 975 4145 1044 4219; x_wconf 90' lang='lat' dir='ltr'>fuit</span> <span class='ocrx_word' id='word_1_264' title='bbox 1071 4148 1245 4244; x_wconf 83' lang='lat' dir='ltr'>Coponius,</span> <span class='ocrx_word' id='word_1_265' title='bbox 1270 4143 1328 4219; x_wconf 90' lang='lat' dir='ltr'>vir</span> <span class='ocrx_word' id='word_1_266' title='bbox 1352 4141 1518 4241; x_wconf 88' lang='lat' dir='ltr'>equestris</span> 
     </span>
     <span class='ocr_line' id='line_1_33' title="bbox 287 4233 1517 4344; baseline 0 -33"><span class='ocrx_word' id='word_1_267' title='bbox 287 4234 447 4321; x_wconf 78' lang='lat' dir='ltr'>ordinis,</span> <span class='ocrx_word' id='word_1_268' title='bbox 477 4259 538 4330; x_wconf 89' lang='lat' dir='ltr'>qur</span> <span class='ocrx_word' id='word_1_269' title='bbox 557 4256 637 4344; x_wconf 82' lang='lat' dir='ltr'>curn</span> <span class='ocrx_word' id='word_1_270' title='bbox 656 4233 831 4334; x_wconf 82' lang='lat' dir='ltr'>Quirino,</span> <span class='ocrx_word' id='word_1_271' title='bbox 858 4243 916 4315; x_wconf 89' lang='lat' dir='ltr'>vel</span> <span class='ocrx_word' id='word_1_272' title='bbox 936 4241 1111 4338; x_wconf 85' lang='lat' dir='ltr'>Cyre-nio,</span> <span class='ocrx_word' id='word_1_273' title='bbox 1137 4241 1257 4340; x_wconf 86' lang='lat' dir='ltr'>Syriae</span> <span class='ocrx_word' id='word_1_274' title='bbox 1274 4238 1456 4331; x_wconf 82' lang='lat' dir='ltr'>Praefide,</span> <span class='ocrx_word' id='word_1_275' title='bbox 1482 4241 1517 4313; x_wconf 91' lang='lat' dir='ltr'>in</span> 
     </span>
     <span class='ocr_line' id='line_1_34' title="bbox 270 4329 1519 4439; baseline 0.003 -35"><span class='ocrx_word' id='word_1_276' title='bbox 270 4402 272 4404; x_wconf 77' lang='grc'>,</span> <span class='ocrx_word' id='word_1_277' title='bbox 314 4329 456 4405; x_wconf 86' lang='lat' dir='ltr'>udaeam</span> <span class='ocrx_word' id='word_1_278' title='bbox 483 4351 605 4421; x_wconf 89' lang='lat' dir='ltr'>vemt,</span> <span class='ocrx_word' id='word_1_279' title='bbox 639 4348 676 4439; x_wconf 72' lang='lat' dir='ltr'>et</span> <span class='ocrx_word' id='word_1_280' title='bbox 701 4333 844 4438; x_wconf 76' lang='lat' dir='ltr'>censum</span> <span class='ocrx_word' id='word_1_281' title='bbox 873 4339 1067 4428; x_wconf 90' lang='lat' dir='ltr'>bonorum,</span> <span class='ocrx_word' id='word_1_282' title='bbox 1111 4337 1153 4412; x_wconf 91' lang='lat' dir='ltr'>ad</span> <span class='ocrx_word' id='word_1_283' title='bbox 1183 4339 1353 4414; x_wconf 90' lang='lat' dir='ltr'>tributum</span> <span class='ocrx_word' id='word_1_284' title='bbox 1377 4335 1519 4435; x_wconf 84' lang='lat' dir='ltr'>Judaeis</span> 
     </span>
     <span class='ocr_line' id='line_1_35' title="bbox 290 4423 1516 4524; baseline 0.002 -23"><span class='ocrx_word' id='word_1_285' title='bbox 290 4423 554 4524; x_wconf 77' lang='lat' dir='ltr'>inponendum,</span> <span class='ocrx_word' id='word_1_286' title='bbox 590 4423 764 4515; x_wconf 78' lang='lat' dir='ltr'>institurt,</span> <span class='ocrx_word' id='word_1_287' title='bbox 793 4431 833 4501; x_wconf 92' lang='lat' dir='ltr'>in</span> <span class='ocrx_word' id='word_1_288' title='bbox 860 4431 883 4504; x_wconf 90' lang='lat' dir='ltr'>sr</span> <span class='ocrx_word' id='word_1_289' title='bbox 912 4456 995 4506; x_wconf 92' lang='lat' dir='ltr'>nurn</span> <span class='ocrx_word' id='word_1_290' title='bbox 1023 4435 1236 4511; x_wconf 88' lang='lat' dir='ltr'>Provinciae</span> <span class='ocrx_word' id='word_1_291' title='bbox 1261 4458 1354 4511; x_wconf 91' lang='lat' dir='ltr'>nunc</span> <span class='ocrx_word' id='word_1_292' title='bbox 1380 4433 1516 4509; x_wconf 67' lang='lat' dir='ltr'>sactae:</span> 
     </span>
     <span class='ocr_line' id='line_1_36' title="bbox 289 4519 1518 4702; baseline 0.001 -102"><span class='ocrx_word' id='word_1_293' title='bbox 289 4525 387 4626; x_wconf 74' lang='lat' dir='ltr'>eujus</span> <span class='ocrx_word' id='word_1_294' title='bbox 412 4519 677 4635; x_wconf 35' lang='lat' dir='ltr'>{nillil-²515&amp;</span> <span class='ocrx_word' id='word_1_295' title='bbox 694 4520 866 4631; x_wconf 60' lang='lat' dir='ltr'>edberti</span> <span class='ocrx_word' id='word_1_296' title='bbox 904 4581 914 4603; x_wconf 87' lang='lat'><strong>.</strong></span> <span class='ocrx_word' id='word_1_297' title='bbox 942 4530 993 4610; x_wconf 91' lang='lat' dir='ltr'>V:</span> <span class='ocrx_word' id='word_1_298' title='bbox 1022 4551 1079 4629; x_wconf 77' lang='lat'>37.</span> <span class='ocrx_word' id='word_1_299' title='bbox 1129 4530 1209 4645; x_wconf 77' lang='lat' dir='ltr'>Qua</span> <span class='ocrx_word' id='word_1_300' title='bbox 1235 4532 1421 4613; x_wconf 84' lang='lat' dir='ltr'>occasione</span> <span class='ocrx_word' id='word_1_301' title='bbox 1439 4527 1518 4702; x_wconf 58' lang='lat' dir='ltr'>imi</span> 
     </span>
     <span class='ocr_line' id='line_1_37' title="bbox 1456 4641 1517 4700; baseline -0.049 0"><span class='ocrx_word' id='word_1_302' title='bbox 1456 4641 1517 4700; x_wconf 80' lang='lat' dir='ltr'>Usst</span> 
     </span>
    </p>
   </div>
   <div class='ocr_carea' id='block_1_6' title="bbox 231 4692 333 4743">
    <p class='ocr_par' dir='ltr' id='par_1_6' title="bbox 231 4692 333 4743">
     <span class='ocr_line' id='line_1_38' title="bbox 231 4692 333 4743; baseline -0.01 -4"><span class='ocrx_word' id='word_1_303' title='bbox 231 4692 333 4743; x_wconf 52' lang='grc' dir='ltr'>,ν</span> 
     </span>
    </p>
   </div>
   <div class='ocr_carea' id='block_1_7' title="bbox 0 0 1811 5884">
    <p class='ocr_par' dir='ltr' id='par_1_7' title="bbox 0 0 1811 5884">
     <span class='ocr_line' id='line_1_39' title="bbox 0 0 1811 5884; baseline 0 0"><span class='ocrx_word' id='word_1_304' title='bbox 0 0 1811 5884; x_wconf 95' lang='lat' dir='ltr'> </span> 
     </span>
    </p>
   </div>
  </div>
 </body>
</html>
