3575 5884
306 1087 382 1177 560
659 1076 808 1178 eastreia
829 1072 1066 1180 Ecclestastice
1088 1076 1132 1155 V.
1157 1072 1200 1153 Τ.

307 1284 415 1363 aegre
443 1262 547 1354 tulit,
579 1261 747 1359 Jacobum
771 1259 945 1356 Alphaei,
987 1256 1202 1356 Apostolum
1224 1260 1429 1340 et'liatrem
1451 1270 1532 1348 Do·

309 1360 398 1434 mini
423 1359 553 1449 nostri,
583 1355 682 1429 ruffe
709 1357 750 1428 ab
778 1357 926 1445 Anano,
953 1374 1038 1429 tunc
1062 1357 1261 1450 Pontifice,
1284 1363 1363 1435 neci
1387 1364 1533 1460 datum,

310 1481 391 1532 cum
415 1456 452 1530 in
485 1454 612 1528 itinere
651 1449 738 1524 esset
767 1450 811 1524 ad
841 1475 966 1528 munus
993 1453 1234 1528 Procuratorit
1260 1457 1528 1557 capessendum,

308 1554 412 1652 paulo
433 1569 514 1624 ante
538 1547 729 1621 adventurn
747 1544 858 1623 suum.
898 1551 957 1623 De
980 1572 1050 1645 quo
1072 1547 1192 1646 postea
1209 1551 1270 1623 suo
1291 1551 1385 1629 loco.
1433 1557 1529 1634 Tan-

308 1650 388 1723 dem
413 1645 568 1719 succeffit
593 1648 629 1718 ei
659 1641 787 1742 Geffius
812 1642 925 1743 (quod
960 1668 1084 1718 verum
1111 1645 1185 1740 ejus
1210 1669 1344 1723 nomen
1374 1649 1449 1742 est,
1488 1674 1524 1730 et

305 1767 399 1832 non,
423 1760 463 1815 ut
484 1739 591 1838 aliqui
617 1742 817 1827 Veterum,
843 1736 994 1836 Cestius)
1020 1741 1153 1830 Florus,
1187 1741 1333 1817 ultimus
1354 1747 1521 1824 Procura-

304 1854 361 1912 tor
386 1856 469 1910 ante
494 1835 674 1912 excidium
701 1835 830 1933 Reip,
858 1859 980 1909 omnes
1005 1837 1092 1909 alios
1115 1837 1247 1931 rapinis
1270 1860 1311 1914 et
1334 1838 1521 1921 sceleribus

302 1934 372 2011 suis
401 1932 586 2031 supereum
611 1933 671 2031 qui
694 1956 739 2005 eo
764 1933 882 2005 omnia
907 1931 1057 2022 direxit,
1083 1949 1123 2004 ut
1139 1931 1262 2027 Judaei
1290 1937 1455 2030 tandem,
1478 1940 1519 2014 ad

301 2030 585 2126 desperationem
617 2026 770 2117 redasli,
811 2028 849 2100 in
882 2048 1041 2124 apertum
1075 2029 1201 2100 bellum
1232 2051 1317 2104 cum
1349 2032 1516 2110 Romania

303 2126 507 2224 eruperint,
539 2145 580 2200 ut
604 2148 688 2198 mox
712 2123 817 2198 fusius
844 2125 1012 2209 narrab03
1051 2121 1231 2220 postquam
1253 2125 1301 2199 de
1325 2125 1434 2204 status
1457 2133 1516 2228 Ju.

300 2223 468 2309 dacorum
478 2220 727 2322 qualitatibus,
754 2219 912 2321 respectu
932 2223 1096 2296 libertatis
1120 2241 1163 2294 ac
1173 2221 1425 2319 prosperitatis,
1448 2249 1518 2326 pre

300 2340 423 2412 more,
480 2324 576 2398 aucis
600 2318 805 2419 exposuero.

300 2416 308 2521 j
346 2417 367 2516 s
404 2347 610 2492 Ddxxrx.
649 2417 813 2519 Variavit
835 2416 960 2507 status,
997 2416 1110 2515 quoad
1136 2416 1338 2492 libertatem
1361 2439 1426 2495 aut
1449 2419 1516 2495 ser·

298 2512 475 2602 vitutem,
500 2512 660 2609 respectu
685 2516 875 2607 graduum3
907 2537 985 2588 nam
1012 2513 1062 2586 sui
1085 2513 1194 2608 juris,
1226 2535 1317 2587 vero
1343 2515 1421 2611 ejus
1442 2518 1514 2590 seu·

297 2611 354 2700 su,
396 2633 469 2684 nou
495 2608 638 2684 suerunt
666 2632 731 2703 per
762 2629 873 2684 totam
905 2609 1107 2707 periodum,
1150 2631 1230 2683 cunr
1253 2608 1316 2684 sub
1339 2611 1515 2686 Archelao

296 2725 334 2780 et
360 2705 523 2803 A‘rippa
547 2706 771 2801 Majestatem
790 2709 1008 2793 Romanam,
1033 2704 1192 2778 submisse
1216 2727 1378 2814 quoque,
1404 2730 1511 2782 vene·

293 2798 364 2873 iari
393 2731 600 2887 debuerint,
626 2821 664 2871 et
690 2801 785 2872 varia
809 2801 1002 2874 inminutae
1028 2799 1197 2874 libertatis
1220 2799 1356 2875 indicia
1377 2801 1512 2877 fuerint

294 2893 448 2991 experti.
498 2892 764 2969 Testamentum
783 2895 940 2969 Herodis
957 2898 1013 2970 M.
1039 2895 1109 2969 fine
1132 2895 1407 2972 confirmatione
1425 2901 1509 2972 Cae·

292 2992 374 3067 sartis
407 2988 574 3063 effectum
612 2992 728 3064 sortiri
755 3015 826 3064 non
865 2990 1006 3087 potuit,
1047 2992 1170 3065 Caesar
1204 2991 1313 3065 etiam
1349 2993 1435 3068 illud
1459 2993 1510 3068 in·

290 3084 464 3176 mutavit,
489 3086 723 3176 Archelaum,
745 3088 826 3161 loco
845 3087 957 3184 regis,
983 3086 1229 3161 constituendo
1245 3088 1510 3178 Ethnarcham;

291 3180 444 3279 denique
471 3205 588 3255 coram
615 3182 697 3277 Ipso
724 3180 792 3255 suit
821 3182 1016 3272 accusatus,
1042 3202 1079 3256 et
1103 3185 1145 3256 ab
1171 3181 1248 3350 ipso
1273 3186 1449 3282 relegatus
1473 3187 1510 3260 in

291 3280 447 3356 exilium.
494 3277 657 3375 Agrippa
688 3302 826 3374 quoque
853 3301 1000 3373 regnum
1031 3301 1052 3351 e
1088 3279 1181 3351 mani
1206 3302 1245 3351 us
1268 3280 1509 3355 Romanorum
1544 3291 1546 3294 ’

292 3377 455 3477 accepit,
480 3393 518 3449 et
541 3397 664 3448 eorum
681 3373 902 3449 conceffione
928 3397 970 3447 ac
995 3375 1102 3447 tutela
1128 3374 1253 3447 tenuit.
1303 3375 1435 3450 'I'ristis
1450 3378 1508 3451 de-

290 3475 401 3571 nique
425 3473 490 3547 iste
509 3472 602 3546 casus
618 3471 746 3546 statme
763 3468 857 3564 Caii,
884 3470 922 3543 in
940 3470 1095 3566 Templo
1112 3469 1322 3565 ponendae,
1350 3495 1508 3548 necnon

291 3559 503 3645 munitionis
520 3568 615 3643 urbis
637 3594 702 3666 per
720 3567 897 3657 Marsum,
921 3565 1042 3663 Syriae
1060 3564 1277 3651 Praesident,
1307 3568 1508 3663 inpeditae,

290 3655 455 3764 utsupra
480 3665 683 3756 habuimus,
708 3665 752 3738 de
776 3663 864 3737 statu
882 3662 1039 3735 obnoxio
1064 3660 1200 3734 abunde
1217 3659 1376 3738 testatur.
1424 3666 1508 3761 Spe·

289 3763 364 3847 cies
388 3782 477 3833 vero
505 3759 569 3839 ista
593 3760 782 3851 libertatis,
809 3761 868 3833 sub
893 3757 1067 3831 Archelao
1095 3780 1136 3829 ac
1162 3755 1342 3852 Agrippa,
1368 3784 1436 3857 qua
1450 3784 1507 3857 ga·

285 3856 352 3931 visi
381 3854 544 3945 suerunt,
586 3858 771 3931 secundum
797 3853 955 3964 proprias
980 3854 1086 3950 leges·
1106 3853 1311 3948 gubernati,
1353 3876 1393 3928 et
1417 3856 1508 3952 judi·

287 3951 381 4040 cati,
407 3950 554 4023 multum
572 3950 745 4026 inminuta
762 3951 852 4040 furt,
878 3948 963 4048 quin
981 3948 1056 4022 sere
1073 3946 1239 4036 evanuit,
1261 3948 1415 4057 primurn
1432 3949 1507 4048 post

287 4048 520 4143 Archelaum,
549 4045 633 4120 dein
657 4048 737 4144 post
755 4047 842 4142 Agri
870 4073 949 4146 pam
973 4046 1102 4133 rursus,
1127 4067 1232 4140 quum
1260 4067 1298 4116 in
1322 4047 1506 4122 Provinci-

286 4167 328 4229 ae
355 4145 506 4218 sormam
530 4138 598 4224 suit
624 4143 761 4219 renam
786 4074 937 4239 Judrea,
970 4167 1033 4239 per
1055 4143 1300 4214 Procuratores
1323 4143 1504 4217 Romanor

296 4241 496 4329 uberante,
540 4259 580 4311 ac
604 4240 726 4335 Syriae
758 4239 971 4313 Praesidibue
1005 4236 1183 4331 sublesta,
1230 4236 1326 4311 simul
1362 4239 1502 4331 censui,

144 4387 152 4399 ,
281 4333 443 4411 instituta
471 4333 708 4432 descriptione
732 4337 904 4407 bonorum
932 4359 952 4406 a
976 4333 1149 4433 Quirino,
1184 4331 1340 4406 Praesrde
1358 4334 1505 4431 Syriae,-

282 4427 459 4516 ohnuxiu,
492 4430 573 4503 deni
602 4455 644 4506 ue
668 4427 746 4526 jure
771 4428 867 4500 vitae
896 4447 933 4499 et
958 4430 1076 4517 necis,
1109 4429 1168 4500 seu
1192 4430 1320 4532 gladii,
1352 4449 1394 4503 ut
1419 4430 1503 4506 dici·

279 4526 356 4629 tut,
397 4522 455 4600 vel
480 4546 525 4597 cir
547 4547 647 4623 parte
668 4527 730 4604 'vel
763 4547 809 4600 ex
834 4541 914 4599 toto
938 4522 1085 4634 privata.
1134 4522 1307 4618 Agitatur
1330 4527 1430 4605 euim
1446 4528 1504 4608 iu·

1454 4642 1504 4700 tet
