3575 5884
949 1007 951 1009 .
1502 992 1510 1009 Ι

284 1148 333 1220 oo
437 1150 440 1154 ’
625 1144 771 1245 ffiflorio
795 1140 1027 1248 Ecclefiaflica
1051 1146 1094 1223 V.
1123 1142 1163 1222 Τ.

281 1343 451 1413 noverat,
470 1322 632 1422 ipseque,
647 1343 746 1399 tama
763 1348 842 1401 cum
859 1326 1008 1419 fiducia,
1023 1328 1278 1411 revelationem
1297 1324 1360 1403 libi
1377 1324 1506 1407 fatiam

283 1421 548 1512 praetenderet,
574 1419 666 1493 aliud
691 1446 830 1520 quoque
855 1423 997 1498 censere
1022 1426 1180 1520 potuerit
1203 1427 1309 1502 ellea
1334 1450 1419 1524 rege
1438 1427 1506 1500 ho·

283 1516 421 1605 norati,
447 1537 581 1591 etcum
607 1516 682 1612 ipso
705 1519 926 1610 conversari,
950 1519 1064 1610 uliud,
1091 1545 1160 1596 nec
1178 1522 1286 1613 tanti,
1313 1525 1403 1617 apud
1419 1544 1503 1615 pro·

309 1613 426 1684 hetam
451 1613 542 1703 elle,
583 1631 726 1687 etcum
752 1639 797 1690 eo
824 1615 929 1689 edere
952 1639 994 1690 ac
1018 1617 1163 1707 bibere3
1205 1638 1380 1706 attamen,
1415 1617 1505 1701 licet

283 1710 340 1782 illa
365 1708 445 1781 viro
472 1709 543 1781 Dei
566 1733 586 1782 a
610 1711 700 1781 malo
727 1730 763 1783 et
786 1711 1082 1804 inproboanimo
1108 1713 1288 1788 liberando
1305 1712 1503 1803 sufficiant,

281 1828 304 1879 a
326 1802 534 1878 temeritatis
558 1825 596 1878 et
620 1803 883 1882 inobedientiae
908 1808 1007 1902 culpa
1031 1832 1112 1885 eum
1135 1833 1209 1885 non
1232 1809 1367 1883 faciunt
1382 1809 1500 1895 innui*

281 1922 384 1988 nem,
409 1920 449 1976 ut
464 1923 511 1974 ex
523 1899 661 2010 judicio
686 1901 780 1992 Dei,
806 1901 869 1997 ipsa
893 1901 1052 1995 inflicto,
1078 1923 1185 2000 patet.
1232 1904 1420 1978 Peccatum
1436 1910 1500 1978 've-

280 2019 323 2068 ro
350 1994 387 2068 in
414 2020 459 2070 eo
485 1999 555 2073 fuat
577 1998 699 2086 litum,
727 1998 821 2097 quod
846 1998 1059 2094 prophetae,
1092 1999 1291 2075 mandatum
1316 1999 1410 2089 Dei,
1434 1996 1501 2077 fibi

281 2089 377 2166 fatto
393 2093 628 2186 contrarium,
654 2094 921 2189 praetendenti,
950 2115 1083 2170 temere
1098 2094 1310 2193 crediderit,
1336 2114 1373 2168 et
1389 2095 1450 2168 sco

281 2186 375 2279 Dei,
401 2189 439 2263 in
465 2215 508 2265 eo
534 2190 669 2279 dando,
693 2213 799 2286 quem
823 2193 932 2265 ruodo
957 2191 1122 2288 exposui,
1154 2190 1353 2269 adversatus
1374 2190 1499 2279 fuerat,

165 2305 168 2310 ·
281 2283 484 2361 Temeritas
509 2310 596 2359 vero
620 2287 695 2379 ejus
717 2309 763 2359 ex
787 2309 832 2356 eo
854 2290 1046 2383 praecipue
1069 2285 1261 2378 elucescit,
1295 2285 1390 2382 quod
1415 2282 1502 2367 cuni

280 2380 356 2476 ipse
381 2381 576 2547 exprellum
599 2380 725 2452 aDeo
748 2401 832 2453 acce
858 2381 927 2454 erit
949 2381 1169 2473 mandatum,
1194 2381 1278 2459 illud
1328 2403 1367 2454 er
1390 2381 1498 2470 alium

280 2478 399 2551 aDeo
433 2472 740 2552 uillerevocatum
755 2497 795 2547 cr
853 2474 967 2568 derit,
992 2476 1064 2556 stne
1079 2479 1155 2556 ulla·
1169 2477 1279 2554 convi
1318 2477 1400 2551 'one
1415 2499 1500 2575 pro·

297 2571 377 2659 ria,
412 2569 485 2646 snae
505 2572 572 2646 ulla
597 2569 821 2646 certitudine.
870 2571 1114 2672 Praeterquam
1137 2573 1234 2648 enini
1259 2570 1352 2671 quod
1381 2571 1500 2646 incre·

278 2595 388 2741 dibile
414 2663 699 2757 vid'eridebeat,
724 2670 843 2742 Deum
867 2666 1036 2760 voluisse,
1069 2687 1109 2745 ut
1127 2669 1200 2765 jam
1226 2668 1378 2764 egressut
1403 2666 1501 2743 redi-¹

279 2783 357 2854 ret,
399 2782 437 2836 et
470 2762 505 2836 se
532 2763 720 2852 reficeret,
763 2761 914 2839 mendax
938 2763 1121 2864 propheta
1150 2763 1283 2847 nullum
1315 2760 1499 2853 veritatis,

307 2880 422 2938 taeter
462 2858 619 2955 roprium
636 2858 897 2950 testimonium,
920 2859 1070 2959 protulit
1086 2857 1268 2936 indicium.
1314 2859 1501 2948 Praeterea

280 2956 376 3033 adem
392 2883 485 3050 ipii,
511 2955 572 3051 qui
587 2955 786 3033 mandatum
801 2974 874 3031 erat
893 2957 1120 3045 consecutus,
1145 2951 1411 3037 revocationem
1427 2951 1500 3027 uti·.

156 3094 159 3099 -
280 3048 526 3219 qupsappipete
541 3051 731 3144 debuisset,
752 3051 813 3126 vel
830 3047 993 3131 intimam
1008 3051 1117 3133 numi
1126 3102 1139 3145 ,
1163 3048 1336 3131 dinume
1348 3047 1501 3140 fatum,

307 3171 326 3219 e
360 3172 383 3220 u
418 3168 548 3223 ronem.
631 3167 633 3170 ⁴
754 3203 758 3223 ι
1269 3190 1271 3197 ·
1433 3162 1436 3174 ’

285 3290 289 3297 .
327 3241 358 3341 l.
384 3243 519 3317 Lxlv.
559 3240 629 3314 Sed
653 3265 758 3341 quare
777 3243 938 3339 judicium
969 3243 1048 3319 viro
1072 3243 1144 3318 Dei
1170 3263 1243 3317 nou
1270 3239 1340 3316 fuit
1364 3240 1503 3331 revela,

280 3358 378 3428 tum,
404 3354 528 3412 verum
552 3337 750 3433 Prophetae
774 3338 963 3413 mendaci?
988 3338 1117 3414 Videri
1133 3338 1275 3436 quidem
1295 3333 1430 3433 pollet,
1456 3353 1500 3423 ut

280 3432 456 3512 nonnullis
480 3433 592 3511 visum
616 3431 688 3523 est,
714 3431 797 3507 illud
813 3433 903 3514 -νιιο
918 3435 992 3511 Dei
1009 3430 1110 3512 fuiffe
1124 3432 1275 3524 uuum,
1302 3453 1358 3517 ex,
1373 3453 1409 3505 v.
1436 3452 1501 3525 ao,

279 3533 307 3610 st
330 3551 508 3622 vertatur,
534 3530 776 3627 adprobatam,
799 3550 889 3623 quem
906 3536 1056 3620 reduxit,
1081 3532 1135 3607 uti
1160 3551 1201 3613 v,
1222 3551 1291 3808 aps
1306 3524 1427 3623 pallim
1443 3521 1501 3617 s07

279 3629 351 3714 let3
376 3627 440 3699 sed<
450 3649 625 3715 erronee,
650 3648 732 3703 cum
757 3641 794 3703 et
811 3622 862 3704 ibi
885 3606 1001 3718 &³225
1027 3624 1127 3702 reddi
1150 3646 1223 3711 110ss
1270 3624 1393 3732 eben)
1415 3640 1498 3718 prp-¹

275 3723 415 3822 phetae,
439 3719 498 3795 sed
522 3720 694 3815 propbeta,
726 3724 780 3820 qni
801 3723 978 3801 reduxerat
1003 3742 1094 3798 eum:
1127 3719 1244 3796 littera
1322 3739 1418 3827 emm
1451 3807 1460 3824 .

278 3836 365 3894 nota
390 3814 603 3893 nominativi
632 3817 692 3892 ⁸vel
722 3815 913 3907 accusativi
937 3817 1157 3917 emphatica,
1188 3813 1295 3903 variis
1327 3836 1367 3888 ιιι
1389 3812 1494 3888 locu.

280 3919 370 3990 Cum
390 3934 484 3986 uero
516 3931 613 3987 vates
645 3912 844 3990 Bethelicua
868 3938 904 3989 v.
933 3921 981 3989 26
1006 3912 1129 4002 dicit,
1150 3910 1268 4005 casum¹
1288 3906 1386 4000 illum
1410 3928 1497 3980 eve·

279 4007 366 4085 nille
390 4005 469 4081 viro
493 4005 565 4082 Dei
589 4006 777 4088 secundum
810 4012 960 4089 verbum
992 4010 1181 4109 Jehovae,
1216 4003 1309 4106 quod
1341 3984 1499 4112 lym

278 4107 363 4180 dixit
387 4100 466 4200 ipſs,
487 4175 488 4178 Ν
508 4123 594 4178 non.
614 4099 805 4181 inmediate
835 4104 887 4193 est
918 4107 1150 4203 capiendum,
1189 4102 1250 4179 led
1275 4095 1498 4196 peripsum,

277 4199 413 4277 scilicet
437 4195 677 4284 Bethelicum‚
710 4214 749 4270 ut
771 4196 833 4285 fit,
867 4201 951 4274 dixit
976 4196 1037 4296 ipst
1061 4221 1123 4296 per·
1141 4223 1202 4273 me.
1254 4194 1319 4271 Uti
1343 4216 1389 4267 ue
1410 4184 1496 4267 Bet·

279 4295 395 4372 helico
419 4296 495 4372 vati
517 4291 600 4369 illud
627 4290 728 4401 suille
753 4293 972 4382 revelatum,
1002 4293 1108 4371 nimia
1127 4293 1271 4403 'clanim
1296 4216 1367 4380 ed,
1391 4310 1497 4399 §lpum

279 4389 378 4472 utin
403 4389 546 4471 dubium
570 4412 690 4465 vocari
715 4387 851 4468 debeat.
901 4388 1045 4477 Failum
1077 4411 1175 4464 enam
1205 4386 1332 4461 diserte
1364 4383 1501 4463 dicitur

273 4488 466 4590 prophetae,
500 4510 580 4563 cunr
604 4485 662 4562 ille
687 4483 797 4581 Judae
820 4483 1022 4560 constanter
1047 4492 1098 4564 air
1123 4483 1189 4558 Dei
1214 4482 1405 4579 adpellentr
1447 4480 1498 4554 al·

227 4674 231 4686 ,
277 4605 334 4668 ter
356 4604 443 4666 veto
468 4582 662 4687 Propheta,
675 4597 733 4695 ⁴et
746 4579 882 4683 phrafis
911 4583 1014 4679 uerti¹
1037 4599 1324 4680 nequeatqucm,
1360 4534 1505 4759 {gildi}
