3575 5884
562 1217 567 1225 ’
650 1172 813 1249 m
828 1166 970 1278 w·
1355 1182 1432 1276 TW

270 1348 297 1451 i.
321 1348 504 1429 mvn.
539 1350 631 1427 Hoc
657 1349 698 1427 in
726 1353 819 1427 helio
848 1368 934 1425 cunr¹
962 1346 1194 1445 πέπεπται
1216 1348 1292 1427 duo
1316 1368 1438 1451 regen,

229 1448 332 1545 Joranr
349 1450 504 1539 israelis,
530 1467 569 1522 et
591 1448 748 1523 Achazia
770 1449 909 1546 Judae,
926 1446 1098 1543 judicium
1122 1450 1224 1539 Dei,-
1242 1470 1309 1547 per.
1324 1451 1439 1528 Eiram

229 1543 301 1620 olim
324 1546 362 1621 in
387 1546 526 1621 Achabi'
539 1545 682 1619 domurn
706 1546 1004 1643 pronunciatum,
1030 1546 1248 1623 exsecutioni
1276 1550 1441 1622 omnibns

230 1640 288 1714 suis
306 1644 462 1739 partibus
483 1640 686 1715 nrandatutn
708 1641 762 1716 est
781 1662 854 1737 per·
870 1640 983 1736 Jehu,
1017 1662 1132 1714 unutn.
1148 1645 1275 1720 ducum
1302 1647 1437 1741 Joant·

229 1735 333 1811 inhac
349 1736 602 1837 expeditione,
627 1736 803 1812 divinituu
815 1736 988 1829 elecium,
1005 1756 1043 1812 et
1059 1736 1224 1833 unctum,
1241 1760 1433 1837 perunum

223 1830 360 1909 filiorum
383 1833 659 1931 prophetarum,
685 1835 728 1907 ab
748 1830 857 1923 Elisa,
878 1832 969 1928 jussu
986 1833 1078 1924 Dei,
1104 1837 1146 1908 ad
1171 1862 1251 1910 eum
1274 1836 1434 1931 missum,

221 1927 275 2003 cui
299 1930 435 2026 judicio
467 1930 645 2003 involutus
676 1950 816 2026 quoque
847 1930 900 2003 est
931 1930 1109 2017 Achazia,
1151 1931 1263 2006 socius
1297 1938 1432 2032 Joranri

217 2023 253 2099 i'n
276 2024 344 2097 hoc
366 2026 483 2115 bello,
507 2044 547 2099 et
568 2048 648 2098 cunt
664 2026 810 2122 Joramo
835 2023 970 2099 occisus
993 2025 1143 2122 aJehu:
1170 2026 1219 2101 ita
1241 2050 1280 2102 ut
1298 2052 1431 2107 utrum·

179 2198 182 2202 ,
216 2144 281 2219 que
303 2144 449 2221 regnunt
471 2122 601 2195 eodem
623 2118 805 2195 vacaverit
828 2140 1011 2217 tempore,
1037 2120 1172 2194 Israelis·
1190 2146 1279 2198 vero
1306 2130 1349 2200 ad
1368 2150 1431 2202 no-

215 2238 293 2291 tam
313 2216 456 2291 venerit
480 2215 649 2290 feminam
671 2216 709 2289 in
732 2216 846 2312 Jehu,
885 2234 924 2288 et
937 2215 1059 2387 1{udae
1092 2218 1136 2292 ad
1161 2219 1269 2314 breve
1295 2240 1434 2332 tempu·

211 2312 250 2387 in
269 2336 395 2389 manut-
412 2310 585 2387 Anniae·
609 2311 802 2401 deciderit,
834 2310 936 2387 succe
964 2334 1046 2387 tone
1075 2311 1112 2387 in
1144 2314 1251 2389 domo
1282 2319 1432 2393 Davtdir

208 2408 426 2505 inoemrpta,
450 2406 514 2483 led
525 2430 611 2483 mon
625 2406 783 2481 restituta
798 2407 974 2577 inlpoaso,
1001 2408 1076 2483 filio
1092 2410 1280 2487 Achaziae.
1330 2416 1432 2519 Quae

208 2504 314 2579 rude
334 2501 499 2579 notabilia
522 2502 574 2579 est
594 2502 760 2594 historia,
796 2525 822 2577 2·
871 2528 927 2601 eg.
953 2504 1004 2577 IX
1028 2524 1068 2579 et
1090 2508 1134 2581 X.
1168 2507 1329 2583 adcurate
1353 2532 1431 2585 nar·

209 2620 313 2691 rata-,⁸
329 2623 435 2699 quant
447 2601 849 2675 uno-alterovetantum
874 2600 1079 2691 observato,
1106 2601 1149 2674 ad
1174 2603 1318 2702 scopum
1334 2620 1430 2682 nunc

293 2696 302 2712 “
329 2714 433 2785 ente,
464 2694 651 2772 illustrabo
698 2696 843 2795 Jorarno
867 2696 907 2781 in
931 2696 1065 2792 praelio
1090 2720 1171 2770 curn
1193 2701 1289 2797 Syris
1314 2724 1430 2798 propa

200 2716 575 2870 fficiuruoiteadie
591 2794 797 2883 numerato,
823 2810 862 2865 et
886 2790 1073 2889 Jizreelenr
1098 2792 1279 2886 transsato,
1304 2818 1427 2872 utcu·

202 2908 371 2979 metor,
407 2887 467 2963 sed
490 2887 636 2963 ducibus
660 2887 711 2962 ibi
736 2888 885 2961 resrdere
908 2890 1156 2985 pergentibus,
1196 2891 1306 2986 Jehu,
1341 2918 1428 2970 unua

206 3004 252 3060 et
273 2980 476 3153 praeopiuus
498 3007 643 3076 eorum,
679 2982 755 3057 fuit
777 2984 958 3082 inproviso
983 2986 1032 3094 ‚ab
1056 3010 1127 3059 uno
1151 2988 1425 3085 prophetarum,

277 3077 418 3155 mutia
439 3102 582 3155 eoeum
606 3081 779 3155 iss'fissemt
793 3081 955 3170 miserat,
981 3104 1018 3152 rn
1035 3081 1207 3156 secretum
1231 3087 1347 3160 locum
1364 3090 1429 3161 abe

198 3104 352 3269 gaus,
382 3194 422 3249 et
443 3172 568 3250 uncins
589 3178 626 3252 in
648 3198 769 3275 regern
794 3176 948 3265 Israelis,
982 3200 1048 3251 una
1073 3202 1152 3257 cunr
1178 3183 1342 3256 mandato
1367 3204 1434 3275 tos¹

197 3284 275 3351 tarn
301 3270 447 3349 Achabi
464 3271 607 3349 domurn
637 3272 795 3348 funditus
818 3272 1040 3369 exstirpandi
1089 3278 1210 3352 Verba
1234 3278 1345 3352 Elisae
1379 3280 1430 3354 ad!

195 3390 337 3472 pum
355 3368 565 3467 proplietam,
590 3392 636 3445 eo
660 3368 1009 3467 ti'tuloinsrgnitum,
1034 3394 1068 3446 ν.
1094 3398 1129 3465 4.
1157 3392 1195 3444 ut
1214 3375 1326 3446 Elisae
1345 3394 1430 3449 non

200 3486 345 3543 tantum·
363 3460 587 3559 ministrum,
612 3464 672 3540 scd
695 3483 734 3538 et
748 3488 856 3539 unuin
881 3468 1001 3541 efiliis
1028 3470 1277 3563 prophetarum
1301 3467 1423 3559 fuiffe,

203 3560 477 3661 significaretur,
502 3565 576 3636 ride
594 3566 640 3659 ibi
661 3560 761 3655 Jesu
777 3586 812 3636 v.
840 3584 872 3637 2.
900 3560 1121 3659 emphatice,
1147 3559 1334 3637 secundum
1360 3586 1421 3637 ve*

202 3682 283 3735 runt
300 3659 404 3733 verbi
428 3656 523 3735 iffi
545 3656 778 3756 potestatem,
811 3657 1026 3766 significant,
1069 3660 1139 3731 acri
1163 3663 1250 3732 octrso
1273 3664 1358 3736 mico
1384 3666 1428 3738 in·

197 3754 312 3855 festu,
335 3754 586 3851 circumspice,
612 3776 812 3852 etquaerc,
838 3772 1092 3848 rnventumque
1115 3755 1243 3828 acriter
1260 3757 1420 3853 intuere,

197 3874 337 3945 ereum
360 3870 435 3925 ate
461 3850 691 3949 intendi'ipso
715 3849 831 3924 indica
848 3850 990 3924 intuitu.
1040 3851 1148 3957 Quod
1169 3853 1273 3927 etiam
1298 3856 1458 3947 secisse·-

196 3947 336 4024 dici'tur
365 3970 399 4021 v..
426 3970 462 4039 5.·
497 3970 575 4021 curn
606 3947 704 4022 eninr
724 3945 886 4033 dix-isset,
928 3948 1056 4020 uerbum
1082 3948 1157 4021 misti
1192 3955 1236 4023 nd
1258 3969 1289 4023 tc
1314 3952 1431 4025 Duxi'

197 4044 343 4119 nemine
369 4041 825 4138 nominato,.licetph1res
848 4038 958 4113 essent
981 4044 1186 4139 praesentes·
1200 4045 1324 4134 duces,
1359 4049 1440 4143 Je-·

200 4142 252 4217 liu
276 4164 361 4215 mox
396 4139 600 4213 exintuitu
624 4139 705 4236 ejus¹
730 4136 917 4236 percepit,
955 4138 991 4211 se
1016 4137 1173 4231 intendi,
1215 4164 1319 4237 qnare
1345 4142 1431 4240 ipse·

198 4236 289 4312 roto
302 4236 560 4333 interrogauit,
584 4262 674 4325 ouem
691 4234 768 4307 tis?
793 4233 852 4310 sed
866 4234 1070 4332 singularem
1094 4258 1248 4310 meretur
1264 4235 1417 4313 animad-

197 4331 396 4408 versionem
417 4332 536 4405 titulus
560 4324 721 4419 iiim,
748 4354 817 4423 quo
841 4331 946 4407 duces
968 4333 1179 4429 prophetam
1205 4330 1418 4427 insigniunt,

194 4454 232 4505 u.
262 4452 316 4504 11.
367 4428 572 4525 Proprietas·
600 4426 700 4502 verbi
725 4420 809 4508 ΡΜ)
834 4426 946 4501 estin
971 4449 1091 4517 motu,
1136 4427 1191 4500 vel
1216 4426 1340 4523 inpetu
1364 4430 1418 4500 in·

192 4525 360 4600 citatiore
382 4544 422 4596 et
444 4524 661 4623 praecipite,
688 4521 759 4597 srvc
781 4544 826 4597 ex
849 4544 968 4615 metu,
1002 4525 1074 4600 srve
1098 4544 1143 4595 ex
1167 4522 1325 4597 audacia:
1353 4542 1417 4594 un·

196 4622 247 4697 de
278 4622 320 4699 ad
347 4618 519 4721 insoniam·
545 4618 824 4823 cxpfflneudapp
833 4618 988 4715 transit,
1029 4638 1066 4698 et
1098 4619 1305 4713 amentiam,
1346 4617 1432 4797 Γινὲ·

221 4742 224 4747 “
835 4736 861 4807 4
1323 4736 1393 4816 (1υο
