3575 5884
272 1088 359 1164 572„
618 1062 762 1168 ffifloria
785 1007 1085 1164 Eccnssasticat'.
1116 1057 1157 1140 T.

275 1247 461 1322 Eleazarus
495 1247 631 1345 septum
655 1245 798 1340 Templi
831 1250 989 1338 interius,
1033 1247 1217 1344 Johannes
1250 1249 1414 1336 erremus,
1444 1262 1508 1322 et

275 1343 402 1417 Simon
427 1344 594 1441 reliquam
622 1341 764 1415 tenebat
791 1342 1006 1433 civitatem,
1023 1343 1084 1440 qui
1109 1343 1287 1417 continuo
1314 1343 1405 1440 quasi
1423 1343 1493 1416 bel·

276 1439 315 1514 lo
348 1441 385 1513 in
410 1440 444 1512 se
469 1441 622 1515 invicem
654 1435 869 1512 saeviebant.
920 1464 953 1535 3.
978 1440 1146 1537 Denique
1178 1437 1333 1514 ad-du'aa
1365 1438 1493 1514 redaffi

277 1536 360 1610 sunt
391 1534 581 1626 fadiones,
622 1533 718 1606 circa
751 1534 878 1609 festum
909 1536 1084 1610 Paschatis
1114 1559 1194 1611 ann.
1220 1557 1331 1627 pomo.
1381 1537 1495 1609 Globo

277 1632 374 1706 enim
393 1631 562 1727 Johannir
585 1630 624 1703 in
648 1631 784 1725 septum
802 1631 973 1722 interius,
996 1651 1183 1729 praetextu
1207 1631 1300 1705 sacra
1322 1631 1495 1718 faciendi,

277 1726 524 1820 irrumpente,
567 1728 750 1800 Eleazarus
787 1749 869 1801 cum
901 1728 1060 1824 plurimis
1101 1728 1240 1801 suorum
1272 1729 1410 1800 occisus
1449 1724 1495 1798 est

276 1822 315 1896 in
339 1821 415 1917 ipso
439 1824 521 1896 loco
546 1823 661 1913 sacro,
687 1821 819 1896 summa
842 1825 997 1920 emphafi
1010 1824 1044 1921 s
1057 1826 1186 1898 eloica
1195 1827 1360 1897 latronum
1379 1822 1492 1897 facio:

275 1916 420 2088 puando
441 1918 531 1991 duae
555 1920 709 2016 reliquae
734 1919 854 1992 unitae
885 1920 966 1995 sunt
989 1846 1163 1995 iussiones
1185 1919 1224 1992 in
1256 1919 1354 1994 urbia
1377 1919 1493 1992 defen·

293 2037 434 2102 ionem,
457 2038 478 2087 a
504 2013 615 2106 Tito,
641 2012 752 2086 Flavii
777 2014 860 2091 Ves
877 2015 982 2091 asiani
1005 2016 1101 2105 filio,
1135 2013 1285 2090 obsideri
1310 2033 1495 2112 coeptam,

275 2111 362 2186 licet
386 2108 450 2183 sibi
474 2109 630 2187 invicem
655 2109 790 2205 semper
812 2041 980 2202 insertae,
1006 2111 1077 2208 Jos.
1102 2111 1124 2184 Ι.
1151 2112 1201 2186 V.

324 2204 356 2303 ᾗ.
381 2207 495 2280 DLH.
531 2229 566 2296 5.
591 2206 759 2301 ¹Sequitur
785 2210 916 2301 quintus
938 2207 1122 2296 articulus,
1147 2225 1185 2280 et
1201 2205 1368 2296 ultimus,
1393 2205 1492 2281 fatale

276 2301 373 2377 urbis
399 2301 577 2375 excidium
599 2325 663 2396 per
688 2300 836 2390 Titum,
870 2326 917 2376 eo
942 2326 963 2376 a
988 2306 1092 2377 Patre
1115 2325 1197 2375 cum
1226 2304 1392 2376 exercitu
1417 2301 1493 2376 mis·

275 2398 376 2487 sum,
404 2399 449 2470 ob
469 2398 588 2471 oculos
603 2395 740 2485 sistens,
764 2418 845 2472 ann.
872 2418 971 2492 pomo
988 2422 1060 2472 aer.
1088 2397 1214 2473 Christ.
1238 2398 1405 2495 Perrupit
1422 2398 1495 2497 qui·

275 2494 379 2584 dem,
404 2494 525 2567 urbem
549 2516 569 2565 a
592 2490 864 2587 Septentrione,
889 2511 928 2568 et
950 2494 1044 2569 Ortu
1067 2492 1263 2590 adgressus,
1296 2495 1399 2568 brevi
1424 2495 1496 2591 pri·

275 2614 375 2668 mum
400 2606 437 2660 et
460 2587 704 2662 validissimum
727 2609 885 2680 murum,
910 2608 949 2664 et
971 2614 1057 2665 mox
1071 2591 1239 2681 alterum,
1261 2591 1422 2688 adeoque
1438 2613 1494 2664 ur·

275 2689 359 2762 bem
396 2682 597 2759 inferiorem
623 2683 861 2780 expugnavit3
887 2684 946 2759 sed
971 2687 1010 2762 in
1029 2709 1109 2762 arce
1133 2684 1294 2760 Antonia
1316 2710 1360 2761 ac
1386 2687 1493 2786 Temf

276 2783 339 2880 plo
356 2803 413 2851 res
434 2778 550 2851 minus
567 2779 721 2853 feliciter
745 2779 924 2872 succeffit,
949 2783 1039 2857 adeo
1063 2801 1125 2872 ut,
1148 2784 1193 2856 de
1221 2780 1291 2855 illis
1314 2780 1491 2879 capiendis

275 2876 481 2973 desperans,
507 2876 629 2948 urbem
645 2877 731 2949 rullo
748 2874 924 2968 cinxerit,
940 2877 1218 2975 praedidiionem
1235 2878 1390 2951 Domini
1405 2877 1495 2978 apud

276 2977 365 3047 Luc.
392 2967 440 3040 ita
467 2969 624 3066 inplens,
666 2995 712 3045 eo
737 2971 865 3070 scopo,
907 2994 945 3046 ut
969 2972 1118 3051 obsessos
1144 2999 1209 3071 per
1221 2973 1376 3066 fatuam,
1411 2978 1513 3075 quae'

274 3071 347 3167 jam
377 3063 519 3162 grassari
552 3066 754 3162 inceperat,
797 3067 841 3142 ad
864 3066 1083 3144 deditionem
1117 3090 1274 3166 cogeret.
1325 3070 1406 3169 Qua
1438 3074 1497 3169 spe

276 3188 357 3239 cum
383 3161 585 3249 excidisiet,
612 3162 754 3259 Judaeir
777 3162 950 3238 obstinate
975 3185 1098 3240 contra
1124 3166 1243 3240 omnia
1270 3167 1381 3255 mala,
1412 3191 1494 3241 con·

276 3280 333 3336 tra
357 3282 479 3334 omnes
510 3278 548 3331 et
575 3257 676 3348 Titi,
710 3277 748 3330 et
774 3257 940 3355 Josepbi,
963 3259 1180 3358 aliorumque
1206 3262 1514 3352 exhortationes,

276 3361 352 3434 sese
368 3356 637 3445 obdurantibus,
664 3355 883 3451 expugnavit
909 3357 1072 3446 tandem,
1097 3357 1243 3452 ingente
1259 3360 1403 3449 labore,
1432 3381 1512 3441 nec¹

279 3457 352 3527 sine
376 3454 495 3544 clade,
519 3476 635 3526 arcem
652 3451 868 3541 Antoniam,
892 3472 931 3525 et
946 3454 1106 3550 porticus
1133 3453 1256 3549 Templi
1278 3458 1496 3544 exteriores;

277 3547 398 3624 sedin
426 3548 596 3622 interiore
621 3546 722 3644 septo
744 3547 937 3657 superando
962 3573 1106 3646 operam
1139 3549 1277 3647 prorsus
1300 3549 1400 3626 lusit:
1434 3551 1516 3626 do-·

278 3666 348 3720 nec
372 3641 472 3716 mites
492 3644 636 3740 aliquis,
676 3669 696 3717 a
722 3643 821 3718 soclo
847 3644 885 3720 in
909 3646 1093 3721 humerum
1121 3644 1292 3734 sublatus,
1325 3645 1517 3735 titionem

279 3741 461 3815 ardentem
495 3744 560 3835 per
591 3738 776 3813 fenestram
809 3741 980 3838 quandam
1006 3742 1166 3838 porticus
1194 3742 1285 3838 septi
1317 3740 1515 3827 interioris,

215 3864 218 3870 ’
280 3833 474 3934 projecerit
513 3837 632 3909 versus
665 3835 787 3923 cellas,
826 3836 951 3955 quibus
977 3839 1168 3934 Templum
1198 3856 1272 3912 erat
1301 3837 1497 3913 circumda-

280 3954 379 4023 tum,
403 3953 490 4028 quae
510 3927 586 4097 spui
604 3952 787 4027 correptae
806 3934 999 4030 Templum
1016 3933 1273 4022 accenderunt3
1290 3936 1408 4029 quod,
1430 3933 1498 4008 stu·

280 4049 412 4127 pente,
437 4047 473 4103 et
501 4050 519 4100 a
568 4025 722 4120 speciem
749 4029 892 4104 dolente
913 4032 1025 4120 Tito,
1050 4030 1282 4128 conflagravit
1306 4031 1498 4106 maximam

280 4142 430 4223 partem.
480 4125 561 4223 Quo
581 4120 695 4205 fauo,
722 4125 844 4196 urbem
864 4125 1102 4222 superiorem,
1120 4150 1240 4223 quam,
1265 4126 1363 4200 omni
1382 4127 1516 4226 spreta.

281 4218 363 4298 Titi
389 4219 597 4307 clementia,
631 4216 882 4312 desperabundi
916 4221 1107 4296 defendere
1130 4242 1385 4321 perrexerunt,
1420 4244 1514 4299 tan·-

190 4320 192 4325 ’
280 4321 383 4404 dem,
408 4317 525 4389 mense
553 4312 650 4411 post,
675 4312 711 4385 in
736 4314 948 4408 potestatem
975 4317 1135 4412 redegit,
1167 4319 1262 4394 simul
1282 4321 1373 4394 Tem
1405 4322 1501 4412 ium,

281 4436 319 4489 er
335 4416 454 4489 urbem
479 4429 679 4508 utramque,
706 4432 785 4484 cum
810 4410 971 4498 aedibus,
997 4431 1035 4482 et
1051 4413 1211 4507 palatiis,
1236 4418 1340 4510 piane
1368 4346 1514 4493 deson·—

277 4512 366 4606 κίε,
404 4505 554 4604 relidit,
587 4507 625 4587 in
648 4505 820 4606 vidtoriae
845 4524 1145 4603 monumentum,
1185 4509 1299 4602 tribus
1313 4512 1501 4687 ff‘fiim·

289 4650 298 4676 ⁸
655 4677 661 4690 ··
964 4639 969 4648 ’
1150 4627 1154 4632 ’
1356 4633 1497 4710 ¹PP¹⁶⁰a
