3575 5884
650 1134 657 1149 ·
719 1078 886 1229 ‚riorus
911 1125 1050 1201 osan.-
1095 1142 1156 1153 ·
1430 1129 1506 1223 557

280 1327 339 1388 tre
356 1302 586 1395 Monobazo,
611 1327 652 1378 ac
678 1303 944 1403 consanguineis
955 1337 973 1394 ,·
990 1304 1179 1400 adoptata,
1202 1320 1242 1379 et
1258 1317 1422 1400 ternpore
1448 1303 1500 1382 fa·
1566 1382 1569 1391 ,

278 1408 348 1482 mis
370 1406 484 1478 adhoc
503 1401 680 1497 grassantis
703 1402 852 1497 Judaeos
878 1397 1069 1473 liberaliter
1092 1400 1307 1485 sublevavit3
1333 1400 1429 1474 simul
1446 1417 1505 1475 ura

280 1507 364 1578 bem
390 1521 427 1571 et
453 1497 663 1592 religionem
699 1497 794 1571 varie
821 1495 982 1568 ornavit·
1026 1495 1125 1594 Quae
1162 1494 1346 1581 conversio
1371 1495 1505 1592 incidit

282 1598 323 1673 in
343 1617 504 1689 tempora
522 1592 594 1686 s'ay'i
612 1594 784 1679 Caesaris,
811 1591 930 1686 estque
945 1588 1245 1665 animadversione
1263 1592 1381 1688 digna.
1412 1591 1503 1687 vid,

282 1694 356 1792 jos.
383 1693 469 1763 Aut.
496 1683 576 1762 XX.
601 1709 638 1758 et
663 1691 700 1763 B.
726 1685 806 1784 Jud.
830 1687 855 1760 l.
880 1689 928 1761 V.
955 1684 1062 1759 etex
1094 1709 1139 1758 eo
1164 1687 1243 1763 Eos.
1276 1687 1369 1763 Hist.
1405 1686 1447 1763 E.
1480 1690 1504 1765 l

284 1792 332 1863 ll.
357 1790 490 1871 Izates,
527 1783 657 1855 Tacito
684 1784 872 1880 adpellatus
900 1779 1066 1878 Juliates,
1107 1781 1372 1875 Adiabenorum
1399 1778 1505 1878 Rex,
1622 1839 1632 1850 .

284 1884 499 1980 religionem
527 1879 707 1975 Judaicam
735 1876 879 1951 edoslus
914 1877 982 1951 fuit
1015 1880 1058 1953 ab
1085 1876 1224 1951 Anania
1254 1878 1425 1974 quodam,
1466 1900 1505 1957 et

282 2002 399 2054 mater
423 1977 562 2047 Helena
587 1997 649 2069 per
678 1976 880 2048 Eleazarum
916 1971 1026 2070 magis
1053 1970 1110 2057 ,est
1143 1972 1293 2049 incitata
1323 1974 1367 2048 ad
1391 1975 1504 2073 publi-

284 2100 364 2150 cam
390 2070 660 2169 professionem
702 2069 834 2166 primus
860 2071 895 2142 se
921 2067 1129 2144 circumcidi
1158 2068 1270 2166 passus
1294 2069 1345 2145 est
1372 2074 1504 2171 lzates,
1540 2127 1541 2130 ,

283 2195 395 2269 quern
428 2166 536 2237 stater
570 2168 793 2241 Monobazus
819 2189 903 2237 mox
937 2165 1073 2238 secutus
1105 2164 1166 2242 est.
1222 2166 1505 2264 Hierosolymam

286 2289 378 2342 vero
401 2281 598 2348 venerunt,
625 2281 662 2331 ut
679 2263 787 2343 borlas
805 2261 975 2359 ansgsss
991 2264 1117 2334 votivos
1135 2260 1306 2335 offerrent
1324 2260 1505 2357 uiuimus,

312 2387 359 2434 uo
384 2378 546 2451 tempore
572 2358 681 2429 sames
701 2356 931 2452 grassabatur:
956 2378 994 2430 ut
1020 2355 1108 2430 dixi.
1154 2358 1337 2431 Praeterea
1367 2357 1508 2435 eximiis
1576 2367 1578 2370 ’

282 2390 481 2551 9ΓειηρΙιιηι
516 2472 680 2526 ornarunt
706 2455 890 2542 donariis,
924 2452 1084 2526 condidit
1118 2475 1255 2550 quoque
1283 2453 1508 2552 magnificum

289 2551 515 2631 Mausoleum
542 2549 700 2635 Helena,
739 2550 872 2645 inquo
899 2570 979 2620 curn
1007 2548 1104 2620 Izate
1129 2549 1197 2622 fuit
1224 2551 1375 2645 sepulta,
1410 2550 1509 2647 eujus

290 2651 402 2724 etiarn
432 2643 593 2716 meminit
620 2645 801 2718 Pausanias
827 2644 865 2717 in
883 2644 1009 2716 Arcad.
1037 2663 1198 2739 tanquam
1223 2645 1372 2718 mirabili
1400 2671 1510 2740 opere

289 2740 467 2822 fabricati.
518 2741 596 2813 Eos.
630 2743 654 2812 l.
680 2763 711 2815 c.
744 2741 890 2837 adpellat
913 2752 1002 2826 aaut
1023 2739 1082 2813 seu
1108 2736 1232 2837 cippos
1257 2738 1507 2838 sepulchrales,

289 2842 363 2938 Jos.
388 2859 476 2912 vero
503 2837 648 2926 aarum,
670 2837 819 2927 addens,
847 2836 988 2912 suillea
1038 2836 1060 2911 d
1085 2837 1210 2912 tur-rim
1234 2837 1441 2936 Psephinarn
1467 2842 1511 2921 ad

286 2935 569 3032 septentrionem
599 2935 702 3006 urbis.
751 2931 920 3028 Denique
951 2934 988 3028 sp
1002 2932 1166 3007 endidum
1192 2936 1352 3011 Helenae
1385 2939 1510 3036 palatia

296 3056 359 3104 um
377 3049 545 3102 memorat
565 3027 843 3124 Hierosolymis,
868 3047 906 3101 et
921 3030 1032 3102 aulam
1055 3030 1187 3126 regiam
1207 3055 1225 3103 a
1243 3033 1403 3130 Grapte,
1425 3047 1509 3111 coni
1554 3087 1556 3090 >

292 3127 482 3224 sanguinea
512 3121 639 3213 luatis,
670 3125 909 3214 aedificatam,
940 3125 984 3197 de
1009 3127 1048 3199 B.
1073 3125 1152 3222 Jnd.
1178 3127 1201 3200 ll
1226 3129 1293 3202 lV:
1320 3151 1356 3219 9,
1499 3146 1501 3151 ·

340 3224 372 3323 s.
396 3220 608 3295 Dxxxvr.
634 3218 714 3293 Post
731 3220 827 3294 hunc
849 3238 1116 3316 procuratorem
1140 3245 1196 3296 res
1212 3224 1420 3320 Judaeorum
1439 3250 1511 3303 ma·

293 3320 351 3421 gis
374 3317 553 3413 magisque
576 3316 795 3412 perturbari,
828 3336 866 3389 et
890 3316 932 3390 ad
958 3317 1085 3390 bellum
1107 3341 1188 3391 cum
1215 3321 1385 3411 Romanis
1411 3321 1510 3414 speo'·

287 3438 389 3507 tare,
416 3428 622 3510 coeperunt.
670 3412 740 3485 Sub
760 3413 911 3484 Ventidio
940 3414 1101 3502 Cumano,
1128 3413 1319 3487 successore
1346 3412 1510 3508 Tiberii,

289 3511 364 3586 duo
390 3510 557 3583 tumultus
582 3507 700 3580 exorti
727 3507 825 3596 sunt,
885 3507 919 3581 ui
941 3508 1033 3581 haud
1057 3511 1173 3581 levem
1198 3507 1395 3583 adtulerunt
1422 3512 1528 3588 cala,

284 3606 453 3683 mitatem
478 3600 640 3702 Judaeis,
681 3603 808 3700 eosque
837 3531 881 3675 ad
910 3601 1147 3676 defossionem
1173 3627 1193 3675 a
1215 3604 1388 3679 Romanis
1414 3608 1511 3684 exci-

286 3722 371 3777 -tare
395 3718 605 3796 coeperunt.
654 3700 751 3771 Prior
777 3697 1035 3795 Hierosolymis
1059 3696 1233 3796 originem
1260 3699 1386 3777 habuit
1409 3705 1512 3781 arni·

290 3798 369 3876 litis
392 3792 546 3871 Romani
580 3793 756 3871 obscoeno
788 3792 967 3883 facinore,
1009 3818 1079 3889 quo
1111 3795 1274 3892 pudenda
1310 3798 1368 3873 sua
1393 3822 1513 3881 coram

286 3893 457 3990 -Templo
490 3891 603 3987 palam
639 3889 830 3964 ostentavit
870 3883 911 3963 in
941 3889 1129 3965 ludibrium
1160 3891 1400 3987 Judaeorum:
1443 3922 1516 3995 quo

293 3987 426 4068 irritati
449 3985 593 4083 Judaei‚
634 3987 693 4083 qui
723 4005 883 4080 tempore
911 3984 1084 4059 Paschatis
1118 3987 1266 4084 ingente
1293 3990 1342 4064 ibi
1370 3992 1515 4069 aderant

291 4107 462 4172 numero,
497 4082 651 4180 querelas
674 4082 716 4156 ad
744 4083 938 4155 Cumanum
972 4081 1193 4175 detulerunt,
1229 4085 1331 4172 dein,
1364 4110 1443 4159 eum
1469 4086 1515 4166 iis

292 4206 371 4259 non
395 4178 599 4271 satisfieret,
640 4177 678 4252 in
708 4177 896 4250 tumultum
920 4178 1090 4252 concitati
1127 4178 1226 4269 sunt3
1267 4179 1364 4273 cujas
1397 4181 1516 4261 exitus

293 4278 377 4355 fuit.
400 4275 482 4376 ipsrs
514 4275 638 4349 satalis.
690 4271 836 4347 Conslis
868 4272 964 4346 enim
997 4271 1167 4351 militibus
1192 4297 1211 4348 a
1239 4273 1396 4351 Cumano
1429 4302 1514 4375 pro.
1603 4335 1606 4339 ,

293 4370 413 4449 duffio
434 4371 473 4446 in
499 4370 676 4458 medium,
717 4363 843 4465 Judaei
869 4384 966 4444 tanta
992 4392 1081 4446 cum'
1099 4367 1302 4446 confusione
1330 4369 1368 4445 in
1396 4373 1515 4472 fugam

286 4472 377 4546 'sunt
403 4467 581 4565 conjecti,
606 4485 645 4541 ut
669 4464 848 4561 plusquam
882 4489 928 4539 ro
952 4467 1060 4543 millia
1083 4465 1253 4573 fuerint,
1272 4486 1392 4544 mutua
1417 4494 1515 4548 com·

293 4564 494 4666 pressione,
517 4560 675 4645 emedio
698 4561 829 4645 sublata
818 4610 854 4736 A
874 4581 1025 4659 propter
1039 4558 1202 4662 angustos
1217 4581 1354 4644 warum
1379 4566 1519 4765 exityiqss,

285 4685 287 4688 ·
703 4745 705 4750 ,
859 4677 986 4758 aasz
1465 4688 1516 4757 o,
