3575 5884
398 1203 472 1289 852
740 1176 887 1280 Historia
904 1175 1208 1287 Ecclrsraflicns.
1236 1174 1280 1256 T.

397 1386 442 1478 ro
459 1367 592 1466 populo
615 1363 653 1440 in
677 1363 807 1463 Regno
821 1362 975 1456 Persrae,
1000 1362 1155 1465 conjeiii
1180 1363 1280 1455 sunt3
1306 1363 1359 1443 uti
1375 1360 1496 1467 postea
1519 1366 1610 1446 videi

426 1488 525 1540 rmus.

396 1604 404 1609 -
446 1560 478 1659 s.
504 1555 673 1633 COCLV.
710 1554 822 1631 Tertio
850 1554 1056 1648 intervallo,
1099 1582 1121 1633 a
1147 1582 1218 1654 ymo
1243 1557 1450 1634 Artaxerxis
1473 1556 1518 1634 ad
1543 1562 1608 1659 eju

394 1678 534 1732 aonam
561 1654 642 1732 Ezr.
669 1652 754 1727 Vll.
773 1654 823 1743 ¹ajd
849 1652 910 1729 fin.
935 1650 1037 1746 libri,
1056 1654 1172 1747 ¹-Ezra,
1198 1652 1295 1753 cujus
1322 1652 1489 1728 notitiam
1514 1655 1607 1767 suprr

248 1841 251 1847 Δ
392 1747 501 1845 dedi,
536 1750 613 1823 zelo
639 1747 763 1824 domus
787 1748 860 1825 Dei
886 1749 1059 1848 flagrans,
1084 1770 1122 1825 et
1145 1749 1239 1847 regis
1260 1748 1404 1841 fauore,
1430 1750 1535 1847 plane
1559 1776 1605 1827 m·

389 1843 506 1942 signi,
538 1842 713 1943 gaudens,
744 1843 948 1941 amplissimo
976 1868 998 1918 a
1023 1868 1109 1945 rege
1132 1845 1309 1942 inpetrato
1336 1844 1478 1939 edisio,
1511 1847 1604 1925 undi-

389 1964 528 2039 quaque
556 1939 599 2016 ad
629 1938 667 2017 se
701 1941 867 2017 evocavit
901 1963 943 2017 ac
978 1943 1210 2039 congregavit
1242 1941 1381 2034 exules,
1425 1941 1605 2042 ingentem

386 2036 503 2112 etiam
527 2056 633 2132 opum
659 2036 799 2148 copiam
824 2036 886 2121 sibi
914 2036 1151 2131 comparavit,
1182 2038 1323 2137 seseque
1338 2036 1392 2111 ad
1418 2036 1492 2113 iter
1517 2040 1604 2115 Hie·

391 2131 602 2230 rosolymam
628 2130 882 2229 suscipiendum
904 2129 1081 2224 adcinxit,
1106 2158 1186 2208 cum
1203 2134 1262 2209 illo
1290 2133 1461 2211 comitatu
1486 2158 1528 2211 ac
1552 2135 1603 2217 di·

387 2228 514 2318 uitiis,
537 2240 617 2304 ann.
646 2248 718 2322 ymo
741 2228 957 2315 Artaxerxis
1008 2232 1320 2307 convenerunt-an
1340 2253 1450 2304 unum
1473 2230 1517 2305 ad
1540 2228 1603 2319 flu·

386 2325 495 2400 niune
524 2324 706 2425 Ahavarn,
742 2324 807 2398 ubi
840 2325 878 2404 in
907 2348 987 2407 eum
1022 2324 1131 2405 intrat
1154 2324 1348 2425 Euphrates
1379 2323 1502 2435 (quem
1525 2326 1602 2411 sen:

386 2420 464 2503 sum
489 2419 657 2497 videntur
675 2422 792 2503 ‚uerba
813 2419 960 2495 sundere
981 2443 1017 2502 c,
1043 2422 1147 2501 Vlll:
1176 2444 1232 2513 15.
1263 2424 1456 2519 congregari
1480 2445 1530 2497 eos
1559 2422 1603 2501 ad

382 2518 494 2593 'arm
506 2514 668 2614 flurium,
705 2514 840 2589 scilicet
864 2514 1106 2611 Euphratem,
1133 2516 1180 2593 sac
1204 2516 1334 2595 eximie
1364 2516 1530 2615 adpellari
1550 2519 1600 2595 so·

384 2613 509 2700 litum,
542 2616 597 2706 qui
622 2616 728 2685 intrat
751 2612 795 2684 ad
818 2612 989 2701 Aliarum,
1030 2609 1156 2686 itidem
1182 2612 1350 2702 fluuium,
1389 2638 1425 2687 v.
1450 2609 1533 2713 31.)
1564 2612 1599 2690 in

432 2706 570 2804 incipio
625 2707 706 2781 rimi
742 2706 866 2782 mensis
898 2707 978 2780 anni
1012 2711 1080 2801 ynu'
1106 2710 1332 2799 Artaxerxis,
1375 2706 1470 2783 unde
1508 2732 1597 2783 rann

383 2733 447 2878 iie
481 2804 555 2878 disc
605 2823 708 2881 erunt
731 2802 1014 2899 i-ierosolymam
1046 2828 1079 2877 c.
1108 2806 1212 2884 Vni,-
1240 2828 1296 2898 31.
1331 2827 1401 2899 quo
1427 2822 1596 2889 venerunt

380 2899 503 2996 primo
534 2896 593 2972 die
616 2898 731 2978 Mens.
766 2903 818 2986 gri
845 2921 927 2993 cap.
955 2899 1040 2973 Vll:
1066 2922 1120 2991 9..
1150 2900 1367 2981 Traxerunt
1383 2916 1496 2985 tantas
1523 2920 1594 2974 mo*

381 3017 439 3067 ras
462 2993 501 3066 in
526 2990 654 3065 itinere
679 2992 804 3065 Babele
828 2992 1133 3091 Hierosolymam,
1173 3016 1321 3091 propter
1344 2993 1463 3075 hostes
1482 3014 1519 3069 et
1542 2996 1591 3069 in·

381 3088 585 3176 fidiatores,
609 3110 759 3183 ‚quorum
783 3088 918 3165 mentio
940 3090 982 3162 fit
1007 3114 1041 3164 c.
1069 3092 1173 3165 Vlll:
1201 3117 1257 3186 31.
1285 3092 1373 3187 quo's
1397 3088 1513 3171 vitare
1538 3090 1590 3166 de·

380 3186 531 3271 bebant,
544 3206 629 3255 curn
647 3183 747 3256 nullis
763 3183 1074 3263 militibusmuniti
1093 3185 1223 3277 eil-ent,
1243 3187 1374 3283 quippe
1391 3212 1482 3283 quos
1497 3210 1588 3285 roga·

379 3303 420 3355 re
445 3277 560 3353 noluit
584 3279 696 3367 Ezra,
738 3279 810 3361 Dei
838 3278 968 3352 auxilio
999 3280 1095 3363 fisus,
1139 3306 1174 3359 u.
1206 3305 1262 3357 aa.
1311 3282 1587 3380 Hierosolymam

378 3402 464 3454 cum
486 3373 658 3462 venisset,
702 3399 788 3471 opes
822 3394 858 3447 et
881 3375 960 3449 vasa
984 3373 1174 3453 tradidisset
1199 3377 1457 3469 sacerdotibus,
1499 3398 1585 3459 totus
1638 3396 1640 3423 ²

378 3471 542 3551 incubuit
565 3470 720 3551 moribus
750 3470 939 3560 reducum,
967 3471 1065 3544 varie
1086 3474 1286 3568 corruptis,
1320 3471 1357 3545 in
1385 3472 1511 3568 primis
1538 3496 1584 3553 re·
1639 3474 1640 3525 ἶ

379 3570 501 3665 spesiu
531 3565 776 3665 conjugiorum
810 3589 891 3638 cum
928 3568 1094 3640 uxoribus
1136 3568 1351 3667 gentilium,
1402 3568 1585 3667 praecipue

377 3668 669 3752 Cananaeorum,
718 3662 756 3736 in
796 3663 876 3735 lee
917 3663 1139 3752 vetitorum,
1191 3662 1457 3755 reformandis,
1503 3660 1584 3762 quod

378 3782 508 3855 magno
534 3780 615 3833 cum
642 3759 759 3835 labore
784 3757 936 3841 feliciter
959 3756 1131 3856 perfecit:
1174 3760 1228 3839 uti
1254 3784 1285 3836 c.
1309 3760 1364 3839 IX
1387 3776 1427 3840 ct
1449 3762 1492 3837 X.
1516 3780 1585 3837 aar·

376 3874 484 3929 fatur.
674 3902 679 3919 ·
1556 3906 1568 3933 ο
1637 3906 1641 3951 g

423 3952 454 4053 §.
479 3948 668 4022 CCCLVI.
719 3947 884 4025 Ouarrum
909 3950 1129 4025 intervallum
1155 3976 1174 4024 a
1200 3974 1298 4025 aomo
1322 3946 1525 4031 Artaxerxis
1544 3946 1582 4028 ad
1635 3954 1641 4037 ζ

373 4050 452 4160 ejus
481 4045 600 4140 gadum
625 4015 798 4119 Nehffif:
829 4072 906 4138 14.,
939 4048 1042 4146 longe
1067 4046 1229 4120 illustrius
1254 4045 1304 4121 est
1331 4071 1397 4144 per
1424 4046 1579 4123 instaura·
1633 4038 1641 4071 ²

375 4166 512 4220 nonem
534 4160 713 4212 murorum
729 4140 1017 4240 Hierosolymae,
1043 4166 1218 4216 novorum
1235 4143 1430 4220 incolarum
1454 4142 1579 4227 ineam
1627 4152 1641 4263 j

372 4235 656 4321 transsationem,
691 4260 733 4308 ac
756 4236 920 4313 abusuum
946 4238 1128 4333 gravium,
1170 4236 1230 4334 qui
1254 4238 1324 4313 irre
1353 4239 1469 4317 serant
1477 4296 1489 4333 ,
1513 4238 1577 4313 sub·
1624 4284 1641 4359 Η

373 4330 778 4439 lationem,autoritate
807 4357 847 4405 ac
872 4332 1037 4406 industria
1064 4333 1286 4424 Nehemiae,
1319 4262 1463 4433 dequo
1489 4335 1578 4433 supra
1622 4378 1641 4473 ι

372 4432 454 4528 egi3
498 4428 550 4502 uti
576 4451 612 4501 an
636 4427 695 4501 lrb.
723 4427 798 4520 ejus
826 4427 900 4499 fuse
926 4450 1092 4502 narratur.
1141 4430 1340 4522 Nehemia,
1381 4433 1426 4509 de
1452 4429 1573 4511 misero
1621 4492 1641 4523 ,ὅ

372 4525 661 4617 Hierosolymae,
687 4539 724 4596 et
741 4521 847 4596 narnis
864 4523 1033 4615 nudatae,
1058 4545 1095 4598 ct
1111 4524 1246 4599 civium
1265 4526 1466 4624 paucitate,
1490 4526 1574 4630 labo·
1618 4524 1641 4623 ξ

366 4625 500 4712 rantis,
522 4620 614 4701 statu
646 4615 934 4716 certioratus,
960 4644 1110 4720 cumque
1142 4642 1259 4697 coram
1277 4624 1403 4726 Rege,
1426 4622 1510 4703 dum
1530 4640 1573 4768 ιζ
1620 4686 1641 4763 9

362 4730 399 4767 J'
1420 4730 1423 4735 ,
1500 4734 1542 4768 ”n
1591 4752 1596 4761 Ι
