3575 5884
375 958 455 1057 335
724 948 871 1053 Historia
891 942 1133 1055 Eiclestistlcd'
1149 954 1193 1032 V.
1222 952 1264 1029 T.

378 1134 467 1220 tatis
490 1131 642 1247 acquirit
666 1128 792 1232 opinio
816 1128 986 1305 Scalisgeri
1107 1234 1115 1247 Ι
1205 1234 1212 1247 ι
1575 1232 1583 1245 ·

380 1232 547 1369 dms&
573 1232 680 1401 {adop
759 1233 1134 1403 ualenpmffi'Judaers
1161 1234 1432 1331 Hierosolymae
1459 1231 1606 1329 praestr·

336 1472 338 1479 ·
379 1330 651 1499 fentbpffi
672 1352 828 1499 ufraft‘esf
851 1426 918 1498 hos
941 1385 1063 1498 Duces
1087 1423 1231 1519 fuerunt
1256 1425 1328 1499 duo
1354 1424 1434 1515 alii,
1477 1424 1608 1521 quibus

379 1525 394 1597 i
471 1520 584 1594 uratio
612 1535 651 1593 et
675 1518 882 1594 reformatio
906 1521 1075 1595 reducum
1098 1524 1206 1596 multa
1232 1522 1358 1612 debet,
1386 1540 1534 1617 uterque
1558 1519 1608 1594 de

375 1616 488 1713 stirpe
508 1616 681 1706 Aaronis,
698 1618 785 1691 alter
801 1615 968 1691 Pontifex
979 1617 1101 1713 Josua,
1118 1618 1205 1691 alter
1220 1618 1343 1705 Ezras:
1365 1638 1518 1785 ¹quorum
1534 1638 1606 1688 no·
1685 1627 1686 1634 ’

377 1710 460 1789 titia
490 1710 611 1811 paucis
648 1712 812 1786 tradenda
845 1710 907 1787 est.
955 1712 1067 1808 Josua
1092 1712 1161 1786 suit
1199 1714 1290 1787 filius
1316 1716 1361 1810 Jo
1377 1712 1498 1801 edeci,
1532 1709 1604 1807 qui

377 1808 430 1885 in.
445 1807 592 1885 exilium
620 1806 689 1884 ivit
720 1810 889 1883 1Chron.
916 1812 984 1882 Vl:
1010 1832 1069 1901 41.
1100 1808 1183 1905 post
1207 1810 1492 1905 Hierosolymam
1517 1830 1600 1901 cap·

377 1917 474 1995 tam,
499 1905 615 2002 Setaja
631 1923 768 1993 autem,
786 1924 886 2001 pater
903 1902 1084 2002 Josedeci,
1103 1905 1172 2003 fuit
1187 1930 1206 1977 a
1222 1906 1523 1980 Nebucadnezare
1538 1926 1602 1977 oc·

376 2001 473 2077 sifus
485 2002 610 2076 Riblae
636 2002 761 2096 2Reg.
786 2002 905 2074 XXV:
934 2009 989 2080 18.
1037 2001 1120 2074 Fuit
1143 2000 1262 2097 itaque
1288 2002 1333 2077 de
1356 2000 1463 2097 stirpe
1486 2001 1604 2076 Aaro-

376 2096 452 2173 nis·
468 2104 533 2194 p'er
560 2097 783 2184 Eleazarum,
823 2117 865 2167 ac
888 2093 1095 2169 Pinehasum
1128 2100 1297 2172 1Chr0n.
1319 2092 1382 2172 ‘V.
1414 2100 1455 2168 'et
1485 2117 1604 2263 uepps

376 2182 510 2281 Ezrae,
533 2190 649 2265 fratris
674 2188 821 2266 minoris
847 2209 933 2263 natu
958 2190 1149 2287 Jozedeci,
1173 2194 1251 2266 Ezr.
1279 2194 1365 2267 VII:
1394 2216 1425 2266 r.
1471 2190 1530 2263 Re
1556 2188 1602 2265 ”t

374 2312 457 2365 uun
472 2287 710 2361 Zerubbabele
727 2286 765 2358 in
788 2285 964 2375 Patriam,
990 2285 1110 2363 officio
1127 2288 1250 2361 summi
1277 2286 1466 2361 sacerdotis
1490 2285 1597 2360 func·

374 2404 454 2474 tus,
478 2401 517 2456 et
537 2383 641 2456 rebus
664 2380 846 2479 religionis
870 2380 1072 2457 ordinandis
1094 2406 1136 2455 ac
1159 2380 1369 2457 exercendis
1384 2382 1525 2456 strenue
1539 2380 1598 2455 in·

376 2477 525 2570 cubuit,
549 2478 673 2553 favore
692 2478 765 2553 Dei
790 2476 950 2581 singulari
974 2476 1131 2575 gavisus,
1155 2497 1194 2551 et
1209 2476 1396 2579 praeclaris
1424 2474 1600 2576 promiffis

374 2576 587 2669 cumulatus,
615 2573 666 2647 uti
684 2598 729 2649 ex
744 2576 830 2671 Hag
854 2632 864 2649 .
892 2572 1055 2648 et'Zach.
1081 2572 1227 2650 constat.
1275 2573 1446 2649 Notab'de
1463 2572 1501 2645 in
1517 2570 1597 2669 pri·

373 2668 443 2745 mis
468 2667 520 2741 est
536 2664 649 2743 visum
675 2668 783 2743 Zach.
809 2598 855 2741 If
869 2725 901 2759 .,
935 2669 1029 2773 quod
1052 2664 1181 2767 aliquid
1205 2670 1249 2744 ad
1268 2668 1417 2771 'scopum
1432 2667 1603 2767 nostrum

374 2763 561 2854 eontinet,
576 2764 698 2838 'verbo
725 2762 990 2861 proferendum.
1032 2767 1137 2867 Josua
1162 2764 1330 2840 Pontifex
1352 2778 1519 2865 tanquam
1539 2789 1598 2841 te·

374 2882 437 2948 us,
477 2876 516 2931 et
539 2858 688 2933 sordidis
710 2859 864 2935 vestibus
892 2860 1072 2950 foedatus,
1104 2886 1224 2935 coram
1246 2864 1386 3031 Angelo
1409 2864 1598 2961 Jehovae,

371 2973 537 3051 tanquam
565 2954 712 3051 Judite,
755 2978 836 3030 cum
861 2959 986 3031 Satana
1006 2958 1206 3041 accusatore
1230 2959 1274 3031 ad
1323 2978 1459 3033 extram
1476 2960 1595 3047 suam,

373 3072 601 3147 comparens,
618 3049 791 3124 sententia
799 3050 954 3148 Judicis,
973 3054 1096 3127 Satana
1108 3052 1308 3151 increpit0,
1326 3054 1519 3129 solenniter
1530 3054 1592 3127 ab·

373 3148 546 3241 solvitur,
567 3164 605 3221 et
625 3144 855 3246 justificatur,
888 3150 1045 3245 peccatis
1075 3148 1110 3222 ei
1135 3173 1181 3223 ex
1205 3148 1319 3251 gratia
1341 3151 1506 3243 remissis,
1528 3148 1593 3223 de·

372 3244 434 3335 in,
460 3243 747 3319 honoratioribus
771 3240 992 3318 vestimentis
1016 3244 1179 3336 indutus,
1205 3265 1243 3319 et
1264 3270 1353 3344 pura
1375 3246 1487 3345 capiti
1511 3246 1590 3343 ejus

370 3339 560 3437 inponitur
586 3340 734 3431 cidaris,
758 3338 910 3436 denique
934 3340 991 3430 ei,
1023 3341 1084 3413 sub
1112 3341 1318 3431 conditione
1333 3342 1421 3441 legis
1448 3366 1593 3419 accura-

369 3453 409 3509 te
438 3436 692 3527 observandae,
731 3435 955 3532 promittitur
981 3437 1112 3511 summa
1134 3436 1349 3535 dignitas‘ac
1370 3462 1501 3535 praero
1548 3438 1596 3513 ti-

369 3552 436 3620 va,
461 3529 500 3601 in
518 3552 563 3601 eo
589 3531 669 3620 srta,
694 3550 733 3603 ut
752 3532 891 3625 judicet
913 3531 1056 3607 domum
1075 3532 1168 3623 Dei,
1196 3534 1284 3608 atria
1301 3535 1376 3633 ejus
1393 3533 1470 3610 cust
1521 3534 1531 3549 ’
1553 3554 1590 3625 t,

369 3643 410 3701 et
434 3622 687 3729 arnoulationes
710 3625 837 3702 habeat
861 3628 957 3703 inter
986 3628 1153 3727 Angelos.
1202 3628 1336 3722 Miffis,
1361 3654 1450 3728 quae
1470 3628 1513 3703 ad
1533 3628 1590 3705 sa·

368 3718 544 3808 cerdoni,
570 3719 685 3829 totius
701 3744 744 3795 ue
759 3721 879 3821 legalis
906 3721 1158 3815 oeconomiae,
1184 3748 1263 3800 curn
1289 3725 1484 3801 sacerdotio
1507 3743 1588 3797 arc·

369 3838 408 3895 te
425 3838 627 3905 connexae,
646 3840 685 3889 ru
734 3819 951 3912 urationem,
972 3844 1052 3899 cum
1067 3820 1229 3895 omnibus
1238 3823 1313 3920 ejus
1328 3822 1485 3906 effestis,
1503 3842 1589 3917 per·

368 3916 508 4003 tinent,
533 3908 683 3985 nostram
710 3911 955 3989 adtentionem
980 3940 1075 3991 nunc
1098 3936 1254 3991 meretur
1279 3918 1420 3993 collatio
1443 3940 1594 4017 praero-

368 4006 569 4111 gativarum
597 4006 634 4081 in
658 4005 828 4081 summum
853 4010 1088 4103 Pontificem,
1124 4012 1248 4109 quibus
1279 4016 1323 4088 ab
1349 4014 1420 4089 hoc
1444 4033 1592 4109 tempo·

366 4131 407 4183 re
432 4106 600 4202 gauderet
622 4125 702 4177 curn
722 4099 826 4174 sociis
850 4103 918 4175 suis
932 4106 1188 4183 sacerdotibus:
1238 4134 1301 4185 uae
1327 4110 1414 4184 duae
1436 4111 1593 4185 veltres

366 4218 628 4291 memorantur,
652 4196 961 4306 supremascilicet
981 4202 1136 4296 potestas
1156 4134 1270 4278 carufas
1280 4206 1465 4301 judiciales
1486 4204 1592 4278 deci·

365 4295 492 4387 dendi,
518 4314 554 4369 et
573 4295 666 4370 sacra
688 4317 728 4368 ac
753 4294 919 4391 politica,
945 4294 983 4369 in
999 4297 1145 4374 civitate
1161 4319 1199 4372 et
1217 4302 1392 4391 Ecclefia,
1417 4298 1592 4373 ordinan-

278 4475 280 4483 ,
364 4392 402 4475 di
428 4416 470 4473 ac
494 4390 731 4495 gubernapdi,
756 4412 826 4491 quo
841 4390 1005 4493 phrafeS,
1024 4398 1177 4497 judlcurc
1199 4398 1325 4481 dmum
1340 4400 1409 4475 Dei
1430 4402 1593 4596 etstngia

372 4538 376 4554 ι
934 4570 942 4582 ‚
1040 4574 1043 4578 ἵ
1423 4516 1466 4569 cu
1495 4514 1514 4564 0
1547 4513 1591 4571 Ν

1010 1138 1053 1212 ad
1080 1137 1211 1212 Chron.
1237 1122 1338 1227 Eos,
1364 1121 1609 1233 ipsun'firiss'e
1685 1075 1686 1096 χ
