3575 5884
610 1166 622 1233 ,·
679 1142 892 1233 ῃέιήοᾶω
914 1140 1030 1225 Sssrn
1110 1166 1113 1173 ·
1415 1168 1490 1247 345

261 1325 433 1433 periculo
450 1324 582 1419 esitii,
598 1324 638 1403 in
652 1346 723 1425 quo
736 1325 887 1436 populus
903 1325 1124 1418 versabatur,
1143 1322 1312 1425 petitam,
1328 1330 1485 1417 rra-6.

263 1450 306 1504 2.
330 1422 491 1509 muueris
516 1425 592 1521 ejus
614 1420 972 1513 admimstrationem,
1013 1423 1154 1520 ejusque
1176 1423 1320 1499 modum
1345 1440 1382 1496 et
1406 1447 1488 1519 qur·

262 1522 389 1603 ditares
414 1543 450 1594 v.
477 1542 511 1613 7.
536 1544 571 1615 3.
598 1520 675 1616 ejus
697 1516 819 1607 irritos
843 1517 1014 1608 effebius,
1036 1520 1078 1593 in
1121 1516 1243 1596 astoris
1269 1514 1485 1616 repudiatio

262 1640 356 1695 nem
371 1634 544 1689 exeuntes
568 1640 604 1691 v.
630 1624 664 1697 8.
688 1638 725 1708 4
749 1613 1027 1725 publicationem
1048 1614 1056 1631 ‘
1159 1617 1203 1693 tis
1219 1614 1361 1704 minae,
1387 1634 1496 1709 quaru-

266 1712 398 1813 populi
420 1710 617 1809 pertinacia
641 1727 785 1809 peperit
817 1735 852 1785 v.
877 1719 1015 1801 8-14.
1047 1709 1200 1807 denique
1226 1734 1262 1803 5.
1287 1707 1492 1787 edernitatis

267 1807 449 1895 ¹adtributa
471 1825 510 1880 et
530 1806 784 1905 consequentia
807 1830 843 1881 v.
871 1827 1031 1900 15-17.

263 1958 284 1993 ,-
314 1902 349 2005 §.
376 1903 637 1978 CCCXLVIIL
679 1902 829 2005 Quintae
864 1900 1071 1994 concionis,
1108 1923 1189 2001 cap
1222 1900 1295 1977 XII
1322 1921 1363 1977 et
1387 1899 1486 1977 xnt

266 1998 571 2097 comprehensae,
612 2017 652 2071 ut
682 2000 734 2072 ex'
761 2020 875 2087 nexu,
915 2015 954 2069 et
985 2000 1153 2072 continua
1189 2020 1319 2073 vocum
1350 2002 1405 2071 isso
1437 2000 1489 2071 die

339 2092 518 2184 etitione,
544 2092 768 2178 manifestum
786 2091 857 2182 est,
883 2114 1130 2187 argumentum
1148 2093 1219 2171 huc
1236 2091 1340 2169 redit.
1388 2094 1489 2165 Prae·

271 2190 379 2271 masso
404 2187 530 2279 tituso,
551 2193 691 2285 prosario
715 2192 805 2264 serbi
821 2187 1037 2284 ponderosa,
1063 2212 1131 2265 una
1156 2212 1237 2264 cum
1262 2186 1421 2286 Jehovae
1435 2187 1487 2259 so

265 2361 272 2373 ,
299 2284 438 2375 uentis,
472 2308 539 2380 qua
564 2285 740 2361 Creatoris
767 2303 805 2358 et
823 2283 1097 2376 Gubernatoris,
1128 2303 1209 2382 apta
1231 2281 1489 2380 descriptione,

317 2380 558 2489 'erosolpmam
586 2379 750 2455 avicinis
804 2378 916 2476 opulis
941 2379 1163 2479 undiquaque
1184 2381 1255 2457 esse
1283 2400 1489 2476 oppugnau-

271 2479 361 2555 dam
385 2494 423 2550 et
445 2472 676 2551 infestandam
697 2475 758 2573 qui
783 2500 860 2565 em,
886 2475 946 2549 sed
970 2501 1052 2551 cum
1075 2477 1223 2574 ingente
1250 2500 1373 2551 eorum
1397 2472 1495 2546 dam-

275 2596 350 2663 no,
363 2591 412 2655 ,et
427 2571 527 2647 totali
544 2572 665 2663 ruina,
686 2572 919 2669 praedicitur,
946 2573 1156 2667 Judaeorum
1172 2597 1258 2647 uero
1277 2569 1495 2665 metropolin·

269 2688 316 2744 et
349 2668 480 2765 Remp.
522 2691 597 2742 non
632 2687 765 2742 tantum
799 2670 842 2742 ab
881 2669 1144 2764 expugnatione
1185 2688 1223 2741 et
1256 2665 1494 2743 destrusrione
1616 2722 1620 2729 .

275 2765 357 2841 sore
378 2762 544 2852 liberam,
569 2763 628 2837 sed
643 2784 699 2851 et,
725 2760 926 2836 incredibili
954 2764 1101 2836 heroum
1126 2761 1258 2837 virture
1284 2765 1493 2853 animatam,

269 2860 453 2935 divinitus
483 2856 599 2931 hostes
634 2859 703 2933 esse
730 2858 942 2943 deleturam,
981 2858 1106 2933 statum
1133 2859 1231 2934 suum
1260 2861 1493 2950 firmaturam,

270 2958 406 3050 suaque
423 2955 603 3048 pomoeria
618 2957 724 3049 longe
742 2955 879 3050 lateque
897 2954 1114 3028 dilataturum
1132 2955 1222 3044 esse,
1247 2955 1492 3051 promittitur,

274 3052 400 3123 donec
414 3048 573 3138 Messias,
603 3075 683 3122 cum
702 3049 832 3145 gratiae
849 3051 1051 3139 beneficiis,
1077 3050 1149 3124 sese
1175 3050 1214 3125 in
1231 3051 1354 3125 medio
1377 3074 1492 3150 popu-

278 3146 307 3223 ri
330 3144 616 3221 manifestaverit.
667 3145 771 3239 Cujus
805 3146 975 3220 adventus
1011 3147 1114 3244 longe
1144 3145 1366 3224 diversissima
1389 3145 1491 3222 exhi·

274 3244 408 3337 benrur
428 3240 574 3330 essessa,
598 3240 673 3315 aliis
692 3240 867 3326 salutaria,
891 3240 987 3331 asiis,
1011 3241 1115 3339 longe
1130 3245 1318 3319 maximam
1333 3263 1492 3341 partem,

277 3337 488 3437 perniciosa.
537 3340 624 3410 Cum
659 3334 755 3409 enim
781 3336 923 3409 Messias
956 3336 1112 3411 violenta
1138 3360 1254 3412 morte
1287 3342 1329 3411 ab
1363 3338 1493 3431 ipsrse

275 3433 400 3519 ‚medio
421 3433 622 3523 tolleretur,
647 3431 769 3528 pauci,
794 3429 919 3538 spiritu
940 3431 1077 3530 gratiae
1103 3453 1141 3507 et
1158 3431 1403 3527 poenitentiae
1429 3453 1492 3505 ex·

277 3528 400 3617 citati,
427 3528 574 3625 ingente
594 3552 674 3601 cum
699 3526 839 3599 tristitia
861 3528 933 3599 sese
960 3530 1003 3601 ad
1020 3528 1133 3626 ipsum
1155 3544 1426 3616 converterent,
1453 3544 1492 3602 et

279 3625 319 3704 in
343 3625 447 3698 sonte
473 3642 598 3697 contra
624 3643 809 3720 peccatum
831 3623 876 3695 ab
903 3621 977 3716 ipso
1002 3641 1145 3719 aperto,
1169 3641 1396 3716 peccatorum
1412 3623 1491 3700 suo·

278 3746 358 3797 rum
387 3717 850 3817 reperirent'abolitionem,
875 3717 1014 3814 seseque
1039 3720 1082 3790 ab
1100 3716 1197 3790 omni
1223 3717 1491 3816 superstitione,

277 3818 425 3915 ejusque
449 3814 628 3911 patronis,
666 3814 882 3912 separarent,
914 3833 951 3886 et
971 3812 1114 3909 judiciis
1136 3811 1266 3889 divinis
1288 3840 1328 3891 ea
1352 3816 1493 3891 ratione

278 3914 524 4011 eriperentur,
548 3911 632 3984 licet
657 3935 729 3983 non
754 3909 825 3983 fine
853 3908 970 3983 multis
994 3907 1254 3985 adflierionibus
1277 3917 1492 3990 consumma·

280 4030 414 4085 rentur.
460 4007 542 4082 Reli
568 4006 727 4095 trivero,
753 4029 834 4078 cum
858 4003 870 4076 i
897 4004 930 4077 sa
946 4006 1142 4103 Republica
1165 4027 1202 4081 et
1217 4009 1390 4096 Ecclesia,
1413 4005 1490 4102 pes·

278 4110 355 4185 sum
380 4104 496 4194 irent,
520 4033 607 4176 adeo
635 4122 673 4174 ut
689 4100 759 4176 falsa
786 4029 980 4208 propiietae
1005 4121 1043 4174 et
1060 4101 1240 4194 dodtores,
1267 4106 1399 4201 pudore
1420 4098 1490 4176 suf·

282 4203 367 4290 susi,
393 4196 462 4271 suis
488 4197 715 4293 dignitatibus
743 4219 824 4270 cum
851 4196 1047 4293 ignominia
1071 4199 1309 4275 renunciaturi
1334 4195 1421 4289 srnt,
1454 4199 1490 4272 se

282 4296 474 4395 prophetas
497 4294 596 4367 fuisse
623 4316 695 4366 non
720 4293 789 4367 ausr
812 4295 983 4389 amplius,
1013 4318 1098 4391 prae
1121 4296 1275 4393 pudore,
1316 4292 1490 4385 profiteri.

285 4394 395 4500 Quam
427 4389 585 4464 ultimant
610 4406 765 4486 partem,
807 4389 851 4463 ad
882 4390 1031 4465 Messiae
1064 4410 1222 4488 tempora
1250 4387 1489 4484 speetantem,
1539 4406 1543 4423 ·

278 4488 456 4585 Propheta
484 4488 521 4560 in
548 4509 677 4583 genere
703 4484 872 4581 proponit
897 4511 930 4562 c.
956 4489 1037 4560 XII:
1067 4511 1122 4561 10.
1147 4500 1184 4556 et
1208 4483 1299 4592 seq,
1324 4486 1407 4557 dein
1429 4504 1489 4556 ex·

276 4583 571 4758 ριῑῗιιίυεὴηάἰι
595 4606 672 4681 cap.
699 4584 798 4663 Xsss.
845 4585 941 4751 Ιέὶον,
960 4582 1079 4680 itaque
1102 4576 1287 4661 conciorus
1310 4602 1389 4678 pars
1405 4600 1496 4751 §qq

275 4730 288 4771 ἰ
349 4708 408 4765 m·
478 4737 488 4758 ⁸
896 4698 922 4757 x
1481 4692 1494 4761 ἶ
