3575 5884
603 1114 607 1125 '
668 1112 671 1119 '
732 1096 888 1177 Palodes
913 1065 1113 1200 Septimi
1294 1166 1296 1171 .
1444 1116 1516 1196 513

288 1278 478 1355 illatarum:
512 1272 572 1350 l'ed
597 1276 719 1353 Caesar
740 1281 841 1357 brevi
864 1279 994 1356 refilius
1064 1303 1081 1352 r
1107 1273 1298 1352 Nicolaum
1322 1275 1508 1351 Damasce-

287 1399 393 1465 uum,
412 1374 566 1472 legatum
583 1375 760 1466 Herodis,
780 1380 932 1455 Romam
947 1303 1106 1466 millitem,
1123 1373 1355 1468 informatus,
1372 1370 1411 1447 in
1428 1395 1506 1468 gra·

286 1471 374 1546 tiam
398 1494 481 1544 cum
507 1469 583 1565 ipso
608 1471 738 1561 rediit,
765 1492 805 1545 ut
829 1474 901 1568 Jos.
926 1471 1011 1545 ibid.
1036 1471 1159 1545 refert.

331 1563 365 1662 5.
392 1567 568 1640 XDVlll.
606 1568 796 1665 Vertamus
820 1591 885 1642 nos
909 1589 1005 1641 nunc
1027 1566 1071 1640 ad
1088 1564 1265 1664 Antigoni
1291 1565 1511 1664 sartionem,

285 1685 324 1741 et
349 1661 546 1737 universam
573 1661 714 1737 domum
740 1664 1051 1747 Allamonaeorom
1079 1663 1121 1735 ab
1152 1662 1300 1736 Herode
1324 1688 1506 1762 oppugna·

285 1781 380 1849 tam,
423 1778 461 1832 et
497 1777 632 1831 tantum
670 1759 763 1855 quod
795 1756 1020 1850 exstinetam,
1062 1756 1144 1830 inde
1176 1776 1307 1847 ortam,
1349 1763 1443 1856 quod
1470 1761 1508 1835 so

287 1857 325 1930 in
350 1878 462 1950 regno
483 1873 615 1944 tutum,
642 1854 697 1929 illa
723 1851 929 1953 superstite,
954 1877 1028 1929 non
1044 1852 1223 1943 crederet,
1252 1852 1404 1928 maxime
1422 1879 1506 1932 cum

287 1953 343 2025 illa
368 1951 492 2023 domus
521 1951 654 2044 populo
681 1951 766 2025 effet
789 1951 997 2049 gracillima,
1029 1948 1196 2023 Herodes
1220 1971 1307 2022 vero
1339 1951 1503 2045 odiosus3

286 2049 444 2142 adeoque
479 2047 571 2118 oculi
597 2047 774 2144 animique
807 2047 918 2121 client
950 2047 989 2119 in
1023 2042 1225 2141 superstites
1254 2043 1521 2143 Affamonaeos,

284 2143 415 2233 defixi,
449 2162 612 2237 tanquam
635 2142 840 2215 liberatores
863 2140 1001 2215 futuros
1024 2166 1044 2214 a
1069 2141 1192 2215 severo
1206 2141 1362 2215 Herodis
1389 2143 1504 2218 dorni·

286 2261 383 2329 natu.
431 2240 606 2325 Primum,
631 2260 716 2310 mor
742 2237 779 2310 in
801 2235 982 2333 principio
1009 2236 1132 2335 regni,
1158 2235 1319 2333 inpetum
1342 2238 1434 2336 palla
1452 2236 1504 2314 est

285 2332 461 2431 Antigoni
494 2331 622 2422 laelio,
667 2356 743 2408 earn
777 2332 884 2405 etiam
919 2335 964 2407 ob
988 2334 1184 2420 rationem,
1229 2330 1321 2429 quod
1352 2333 1504 2430 pecunia

284 2425 487 2527 indigeret,
527 2428 698 2502 Romanis
733 2428 908 2501 solvenda
965 2426 1067 2503 Fisco
1105 2429 1223 2525 itaque
1259 2451 1343 2503 mox
1384 2428 1504 2503 omnia

285 2529 499 2615 amicorum,
535 2527 592 2603 vel
616 2526 814 2612 sociorum,
845 2523 1022 2632 Antigoni
1049 2527 1141 2598 bona
1166 2522 1319 2614 addixit,
1353 2522 1506 2598 ditiores

285 2646 423 2722 quoque
450 2644 570 2694 eorum
595 2619 634 2694 in
658 2619 852 2694 custodiam
875 2617 995 2708 dedrt,
1029 2638 1066 2692 et
1090 2617 1209 2718 praeci
1237 2642 1319 2709 uos,
1350 2618 1393 2694 ad
1443 2642 1503 2693 ua·

283 2723 444 2815 draginta
469 2715 619 2810 quinque
645 2714 691 2788 us
708 2739 771 2807 ue,
811 2731 929 2790 morte
960 2713 1115 2804 adfecit,
1158 2643 1235 2812 Joi.)
1256 2715 1341 2789 Ant.
1365 2715 1388 2788 l.
1414 2645 1503 2794 AV.

284 2817 513 2913 Hyrcanum,
540 2832 676 2904 patrem
684 2741 933 2903 illariamnes,
958 2809 1188 2885 ethnarcham
1212 2831 1253 2884 ac
1269 2808 1504 2906 Pontificem,

282 2914 325 2986 ab
357 2906 564 2998 Antigono,
603 2925 644 2976 ca
671 2923 704 2978 ta
729 2902 999 3004 Hierosolyma,
1033 2905 1173 2982 auribus
1196 2905 1413 3002 mutilatum,
1457 2926 1499 2982 et

281 3003 500 3097 Babylonem
522 2999 621 3071 aPar
664 2999 694 3071 is
709 2998 912 3090 abdutium,
937 3020 976 3074 ut
998 3001 1099 3098 supra
1124 3019 1301 3075 narratum
1319 3002 1391 3094 est,
1416 3003 1503 3080 dein

280 3095 486 3175 honorifice
511 3093 560 3167 ibi
583 3092 763 3185 habitum,
795 3119 837 3173 ac
859 3122 878 3173 a
901 3096 1062 3194 Judaeis,
1106 3095 1167 3196 qui
1190 3094 1241 3170 ibi
1264 3097 1411 3196 ingente
1435 3123 1501 3176 nu·

281 3216 405 3280 mero,
431 3190 473 3270 ad
496 3189 587 3267 haud
613 3213 741 3285 paucas
763 3192 933 3290 myriadas
951 3192 1076 3290 usque,
1102 3212 1149 3275 ut;
1165 3192 1293 3268 adserit
1310 3196 1382 3292 Jos.
1407 3197 1504 3272 Ant.·

283 3291 370 3370 XV:
400 3311 431 3381 3.
457 3287 649 3383 degebant,
674 3288 773 3363 valde
786 3287 1029 3381 aestimatum,
1055 3291 1096 3363 ab
1113 3290 1261 3364 Herode
1284 3291 1498 3379 invitatum,

282 3410 323 3463 ac
351 3400 570 3481 permotum,
613 3402 652 3470 ut
682 3381 720 3456 in
748 3384 897 3480 patriam
925 3386 967 3461 ad
999 3387 1034 3460 se
1059 3385 1210 3475 rediret,
1252 3382 1290 3458 in
1313 3383 1501 3480 principio

282 3478 431 3558 honeste
457 3476 621 3574 excepitr
647 3477 705 3553 sed
729 3478 851 3576 postea
867 3482 1083 3571 accusatum,
1110 3479 1181 3554 five
1208 3502 1314 3553 verae
1337 3478 1410 3552 five
1422 3500 1499 3649 yo-

282 3579 351 3653 rius
375 3574 477 3648 uerae
495 3571 692 3650 collusionis
716 3599 796 3649 cum
814 3576 985 3666 Malcho,
1010 3577 1166 3650 Arabum
1191 3596 1296 3670 rege,
1322 3573 1420 3649 etad
1439 3597 1498 3650 ec-

284 3671 433 3757 tationis
458 3669 579 3840 regni,
605 3692 675 3765 quo
702 3687 864 3768 tempore
883 3671 1068 3760 Herodes,
1094 3669 1256 3744 Antonio
1283 3668 1382 3762 fuso,
1407 3670 1506 3746 non·¹

279 3770 362 3846 dum
386 3769 493 3863 Augu
525 3765 537 3839 i
565 3765 711 3862 gratiam
738 3786 946 3878 acceperat,
977 3766 1134 3864 adeoque
1165 3763 1289 3840 dubius
1314 3786 1389 3841 erat
1437 3765 1498 3842 uid

279 3866 324 3944 de
352 3865 386 3938 se
413 3864 537 3953 fieret,
562 3856 686 3937 occidi
714 3884 870 3952 commit,
903 3862 975 3960 jam
1001 3859 1286 3957 octogenarium,
1312 3863 1382 3962 Jos.
1409 3793 1498 3940 dut.

279 3961 418 4049 LXV.
466 3957 573 4035 Paulo
603 3978 686 4033 ante
718 3958 980 4049 Aristobulum,
1019 3958 1161 4031 unicum
1195 3957 1355 4056 Hyrcani
1385 3956 1497 4034 filium

280 4076 368 4139 tunc
388 4053 625 4150 superstitem,
651 4054 891 4129 Hierichunte
921 4054 1014 4128 inter
1041 4051 1227 4129 natandum
1250 4051 1411 4129 suffocari
1433 4073 1496 4125 cu·

279 4170 439 4237 raverat,
464 4174 509 4225 ne
524 4149 648 4248 populi
674 4149 803 4243 gratia,
830 4173 898 4247 qua
921 4149 1112 4266 gaudebat,
1137 4149 1319 4248 aliquando
1341 4147 1378 4217 in
1396 4144 1496 4252 thro·

279 4270 330 4323 no
356 4247 598 4321 collocaretur.
653 4242 880 4320 Acceleravit
904 4269 978 4343 eyus
1003 4269 1149 4336 necem,
1193 4243 1285 4340 quod
1316 4244 1498 4346 continuis

279 4341 518 4431 Alexandrae,
551 4340 672 4414 matris
696 4339 910 4430 Aristobuli,
942 4341 1127 4436 precibus,
1162 4359 1199 4412 et
1224 4335 1393 4428 querelis,
1418 4338 1495 4409 He·

278 4437 386 4511 rodes
416 4437 525 4512 luerit
560 4456 740 4535 permotus
771 4440 1002 4534 pontificatum
1031 4436 1189 4513 Ananelo
1224 4427 1391 4538 cuidam,
1433 4431 1497 4511 uni

275 4534 416 4719 εκυΥΙιιω
439 4532 713 4711 ilos-babylonia,
755 4538 814 4612 cui
839 4537 882 4699 aTb
908 4534 1055 4613 Herode
1081 4531 1179 4643 datus
1204 4542 1278 4605 erat
1286 4580 1299 4618 ,
1334 4547 1498 4631 eripere,

279 4714 286 4723 .
356 4652 416 4707 ont.
487 4687 496 4706 ·
892 4645 932 4700 tt
1453 4643 1501 4714 Ἀ
