3575 5884
391 1126 442 1209 m
728 1123 1266 1233 mmmmmmn

388 1306 650 1409 ommutui„
677 1307 868 1403 Ceterum,
899 1331 938 1386 ut
960 1312 997 1385 id
1020 1313 1137 1388 obiter
1160 1319 1364 1407 observem,
1396 1340 1469 1394 vox
1491 1321 1607 1400 nnn)

389 1404 498 1479 eriam
527 1404 740 1481 restituenda
769 1407 823 1489 est
847 1431 871 1486 ,2
888 1409 1021 1485 Chron.
1051 1413 1116 1484 lll:
1146 1421 1201 1488 16.
1233 1418 1314 1490 loco
1341 1415 1484 1506 ἹὫὋ,
1519 1444 1607 1514 quae

390 1525 464 1576 vox
487 1500 539 1576 ibi
562 1503 680 1578 locum
701 1501 831 1579 habere
856 1506 998 1602 nequit,
1022 1527 1059 1580 et
1076 1531 1216 1584 crucem
1240 1511 1322 1585 fixit
1343 1511 1606 1607 interpretibus.

387 1596 552 1694 Sequitur
583 1594 639 1695 in⁴
652 1596 888 1695 descriptione
934 1623 1021 1697 opus
1059 1609 1266 1682 reticulorum
1305 1613 1437 1704 quinque
1468 1611 1604 1705 filorum

387 1694 483 1767 circa
505 1713 796 1770 coronamennim
819 1722 853 1771 v.
882 1716 939 1788 17.
984 1699 1087 1772 Duae
1109 1699 1317 1776 adhibentur
1346 1726 1452 1777 voces
1473 1706 1605 1784 ΝΜ

388 1808 427 1862 et
584 1846 596 1881 ,
618 1814 763 1887 quarum
776 1797 866 1888 prior
882 1792 993 1888 signat
1008 1793 1193 1869 reticulum
1208 1800 1367 1892 plexum,
1392 1820 1478 1893 opus
1492 1801 1621 1900 etiarn,

386 1888 617 1960 cancellatum
642 1885 845 1981 inplexum,
882 1889 940 1959 vel
972 1889 1213 1981 reticulatum3
1240 1892 1393 1989 posterior
1423 1917 1510 1967 vero
1543 1896 1602 1972 fila

385 1973 483 2056 inter
505 1983 540 2057 se
563 1984 686 2078 pleru3
722 1983 821 2060 radix
843 1981 939 2058 enim
1060 1984 1149 2060 dicit
1172 1991 1311 2083 proprie
1335 1989 1491 2097 inplicari
1515 1995 1604 2066 mul·

387 2077 435 2154 tir
459 2076 546 2169 filis,
579 2098 617 2152 et
641 2077 688 2154 fic
711 2079 847 2155 denfius
877 2079 1085 2177 intorqueri.
1132 2083 1343 2180 Depingunt
1371 2104 1489 2181 traque
1510 2087 1603 2161 duae

387 2175 454 2249 hae
477 2198 586 2248 voces
605 2173 747 2284 jundlae
769 2198 857 2271 opus
882 2175 1125 2268 reticulatum,
1148 2180 1322 2254 contortis
1346 2179 1412 2254 silis
1433 2180 1602 2257 densiori·

250 2291 251 2294 ’
385 2272 450 2347 bus
480 2269 758 2358 interemtum,
798 2290 835 2345 et
858 2272 909 2343 ira
930 2269 969 2343 in
999 2273 1110 2347 varias
1132 2275 1223 2372 quast
1255 2300 1406 2350 carneres
1434 2274 1599 2352 divistnn.

385 2367 493 2442 Unde
511 2363 700 2451 elucescit,
731 2387 801 2460 quo
822 2364 924 2440 sensu
946 2365 1086 2463 singulis
1108 2372 1280 2445 coltumris
1304 2370 1498 2444 tribuantur
1519 2373 1600 2468 sep-

385 2481 451 2538 tem
474 2460 637 2549 reticula,
679 2457 835 2555 respeilu
859 2459 1026 2536 nimirum
1050 2464 1182 2556 septem
1205 2464 1375 2560 partium,
1399 2467 1465 2540 ,vel
1488 2465 1602 2543 inter·
1634 2498 1636 2501 ·

385 2559 578 2643 vallorum,
602 2555 752 2632 totidem
774 2555 843 2632 filia
864 2553 1118 2639 dillindlorum.

431 2652 462 2752 i.
486 2653 600 2726 XXX„
624 2650 851 2748 Subiungitur
875 2653 1017 2732 reticuli
1041 2674 1302 2744 ornamentum,
1327 2650 1364 2726 in
1386 2651 1524 2750 duplice
1546 2655 1602 2728 se·

383 2748 438 2821 rie
470 2752 765 2843 rnulogranororem
794 2747 916 2838 finum,
956 2775 991 2826 v.
1006 2767 1011 2774 ’
1026 2760 1082 2833 18.
1121 2750 1181 2847 qui
1205 2751 1324 2823 versus
1353 2771 1494 2823 crucem
1517 2748 1601 2826 fixit

383 2846 568 2932 omnibus,
591 2843 844 2938 ‘etperversas
876 2869 1013 2942 quoque
1036 2846 1080 2920 de
1102 2845 1264 2942 capitello
1289 2842 1426 2935 peperit
1458 2842 1599 3011 opinio·

382 2963 468 3030 nes,
499 2939 593 3035 quod
616 2962 689 3012 non
711 2937 818 3031 fuerit
842 2942 1081 3032 observatum,
1114 2964 1241 3014 vocem
1266 2938 1412 3016 ΒἾΒἾΠ
1434 2950 1597 3035 ermogrua

381 3057 466 3110 noro
488 3035 568 3107 loco
593 3035 661 3109 esse
676 3051 829 3123 motam,
853 3055 890 3110 et
907 3056 987 3112 cum
1010 3060 1101 3110 voce
1125 3039 1241 3114 ntum
1262 3038 1423 3109 ordinibus
1446 3035 1593 3110 omnino

359 3131 585 3204 «cohaerere.
635 3128 759 3202 Sensus
789 3128 860 3219 eil,
899 3132 975 3204 duos
1005 3129 1117 3204 fanos
1148 3129 1248 3202 fuill'e
1280 3133 1402 3204 ordines
1431 3132 1596 3226 inaugm-

381 3245 531 3302 notorum
547 3226 648 3320 super
671 3227 806 3297 reticulo
829 3250 912 3313 uno,
943 3229 1177 3321 adlegandum
1201 3242 1477 3310 coronamentum,
1509 3231 1592 3324 quod

379 3323 433 3412 esi
473 3343 550 3415 uper
566 3324 671 3415 capite
695 3322 923 3395 columnarum.
973 3322 1063 3416 Legi
1079 3319 1176 3394 enim
1198 3320 1305 3394 debet
1328 3322 1494 3401 unnim
1509 3324 1591 3403 loco

380 3408 425 3498 fi*
473 3420 549 3502 nrt,
575 3439 662 3511 quae
686 3412 859 3512 posterior
883 3439 958 3490 vox
978 3415 1019 3490 ad
1043 3417 1199 3514 priorem
1213 3418 1329 3492 versus
1351 3435 1508 3513 partem,
1534 3419 1593 3494 seu

381 3540 512 3590 vocem
536 3514 652 3592 ΜΘ
673 3509 851 3609 pertinet,
892 3510 1015 3585 ethic
1045 3513 1133 3588 male
1159 3510 1316 3608 irrepsit,
1356 3511 1448 3617 pide
1478 3514 1595 3609 omnir

380 3613 587 3699 difficultas,
622 3630 661 3681 et
690 3605 849 3681 confusio
886 3603 956 3680 suit
985 3626 1072 3682 orta.
1127 3606 1299 3682 Firmatur
1329 3626 1446 3680 autem
1479 3608 1595 3683 nostia

381 3699 509 3804 opinio
538 3727 569 3776 1.
596 3703 689 3799 quod
714 3703 752 3776 in
774 3703 841 3777 hac
866 3702 1034 3800 pericopa
1056 3720 1093 3775 et
1116 3702 1199 3778 alibi
1225 3706 1407 3798 capitellum
1431 3701 1591 3776 constan·

382 3823 439 3876 ter
472 3799 609 3874 dicatur
638 3795 739 3892 super
770 3805 875 3895 capite
907 3802 1135 3875 columnarum.
1187 3821 1220 3871 2.
1249 3801 1335 3871 Vox
1360 3800 1476 3874 nillil
1508 3803 1592 3872 ordi·

362 3901 465 3986 nes,
503 3893 566 3969 nist
590 3896 706 3970 otton
733 3898 959 3988 malogranato
980 3894 1102 3984 addas,
1142 3889 1230 3967 nihil
1251 3894 1398 3984 habeat,
1440 3917 1592 3991 quocum

380 3991 609 4071 construatur.
668 4013 700 4083 3.
728 3992 886 4080 Ordines,
928 4010 1023 4067 etv.
1060 4008 1175 4078 noct
1205 4008 1264 4081 42:
1296 3991 1480 4065 *manifeste
1510 4013 1593 4065 cum

371 4090 511 4181 ,eumn
541 4085 775 4178 malogranatis
807 4087 1086 4180 conjungantur3
1127 4084 1185 4180 qui
1218 4087 1336 4160 versus
1368 4091 1476 4178 42dus
1509 4110 1592 4185 cutm

375 4182 501 4259 'nostro
531 4197 776 4275 comparatus,
819 4203 894 4251 rem
929 4179 1071 4254 videtur
1110 4200 1207 4252 extra
1238 4181 1381 4274 dubium
1400 4222 1402 4225 ·
1421 4182 1594 4257 collocare

377 4277 484 4356 conf.
511 4277 618 4349 etiam
650 4277 720 4372 Jer.
747 4276 824 4348 Lls.
872 4274 1034 4369 Pergitur
1066 4272 1217 4384 denique
1249 4274 1406 4350 adalind
1437 4279 1591 4375 capitelli

376 4382 644 4461 ornamentum,
678 4394 765 4467 opus
789 4368 956 4444 nimirum
981 4372 1119 4449 liliatum
1154 4395 1192 4444 in
1215 4369 1391 4446 anteriore
1416 4374 1490 4470 ejus
1514 4399 1592 4470 par·

239 4498 242 4502 ·
379 4494 438 4561 te,
460 4491 499 4543 v,
530 4489 584 4556 19.
633 4469 680 4541 Et
707 4469 860 4561 capitello
886 4492 967 4561 quae
987 4465 1088 4562 super
1112 4471 1218 4562 capite
1242 4470 1479 4557 columnarum,
1498 4490 1592 4563 optes

377 4571 439 4644 lilii
464 4581 558 4645 erant
581 4568 615 4638 in
630 4562 784 4663 vulnero,
803 4578 940 4660 quarum
956 4568 1144 4640 cubiturum.
1195 4560 1354 4670 Quorum
1378 4565 1591 4668 verborum,

392 4709 411 4716 ..
593 4714 597 4720 .
629 4718 633 4723 .
1191 4676 1193 4681 ’
1238 4690 1250 4701 e
1502 4682 1592 4760 quae
