3575 5884
291 1104 367 1197 ιιι
639 1094 787 1196 rustam
809 1070 1107 1199 rectestasua‘v.
1137 1095 1179 1173 r.

292 1282 344 1360 tia
369 1279 500 1379 ubique
525 1276 564 1352 in
587 1276 747 1387 ordinem
770 1278 942 1371 redauis,
981 1280 1128 1380 ingente
1152 1277 1438 1378 Elephantorum
1459 1301 1517 1355 co·

293 1374 1513 1563 sensurusuuehereturuuutuaus

912 1529 925 1568 ί

295 1596 436 1651 nomen.

289 1664 1508 1874 dilushhfcahhlmihlffmilereilhidilietiehnaugtha’mhuneg‘hhithghe

287 1859 436 1937 cihallet
470 1859 618 1950 famam,
660 1883 817 1967 animum
840 1860 953 1933 rursus
984 1858 1154 1955 adplicuit
1185 1858 1228 1932 ad
1253 1857 1506 1955 coelesyriam,

287 1956 541 2047 Phoenicium,
567 1974 604 2035 et
627 1954 871 2044 Palaestinam,
897 1979 1009 2053 regno
1029 1954 1090 2028 suo
1110 1952 1390 2052 adjungendam,
1416 1953 1504 2028 simul

289 2054 387 2128 vires
410 2052 515 2150 regni
549 2050 773 2162 AEgyptiaci
804 2049 947 2149 penitus
981 2051 1205 2148 frangendas,
1250 2048 1340 2147 quin
1364 2049 1405 2127 in
1425 2047 1503 2123 illud

287 2149 409 2249 ipsum
431 2169 554 2223 manus
580 2147 797 2242 injiciendae.
847 2147 953 2258 Quod
978 2172 1077 2237 cum,
1110 2147 1199 2221 statu
1226 2145 1329 2244 regni
1355 2142 1504 2245 AEgyp

287 2245 377 2327 tiaci
405 2247 509 2344 plane
533 2246 769 2331 conturbato,
803 2262 840 2315 et
863 2246 1045 2321 infirmato
1070 2267 1134 2338 per
1162 2244 1348 2322 luxumet
1371 2242 1503 2333 otium,

285 2367 356 2418 nec
381 2366 454 2415 non
478 2364 543 2437 per
578 2363 700 2436 segem
724 2336 968 2419 minorennem
1000 2341 1237 2423 Ptolemaeum
1264 2338 1504 2436 Epiphanem,

286 2458 438 2537 quatuor
462 2458 632 2516 annorum
658 2456 827 2543 puerum,
853 2436 915 2543 qui
940 2434 1161 2530 Philopatori
1187 2435 1361 2515 desunsto
1386 2457 1504 2508 recem

285 2532 513 2622 successerat,
538 2553 611 2611 non
634 2529 817 2612 videretur
842 2529 986 2615 difficile
1010 2531 1125 2621 sadlu,
1150 2555 1191 2606 ea
1214 2531 1400 2612 occasione
1425 2553 1503 2612 mox

283 2634 451 2728 adrepta,
470 2647 508 2703 et
523 2625 668 2707 foedere
686 2651 767 2700 cum
783 2625 971 2737 Philippo,
996 2627 1232 2702 Macedoniae
1247 2651 1356 2725 rege,
1381 2626 1500 2724 padio,

285 2729 334 2803 de
362 2727 465 2822 regni
483 2722 710 2833 AEgyptisci
737 2723 933 2820 provinciis
948 2722 1057 2804 unitis
1080 2724 1214 2803 viribus
1233 2722 1495 2823 oppugnandis,

282 2842 323 2896 et
351 2819 534 2916 occupatis
558 2838 653 2895 mter
675 2819 711 2890 se
735 2818 955 2910 dividendis,
998 2819 1198 2895 Antiochus
1218 2825 1359 2915 primam
1393 2819 1498 2894 rursus

282 2919 323 2994 in
342 2912 579 3010 coelesyriam
595 2937 642 2991 ac
661 2912 887 2997 Palaestinam
915 2915 1065 3012 suscepit
1088 2910 1380 3012 expeditionem,
1404 2939 1496 3013 quan

280 3010 385 3091 brevi
401 3028 563 3104 tempore
576 3009 790 3106 occupavit,
813 3010 963 3101 deinde,
974 3011 1123 3107 secunda
1138 3010 1399 3110 expeditione,
1417 3014 1496 3087 Sco

311 3131 349 3196 a,
390 3106 664 3204 AEgyptiornm
688 3108 815 3198 Duce,
855 3108 916 3204 qui
941 3131 999 3180 eas
1028 3107 1190 3206 regiones
1213 3127 1421 3203 receperat,
1458 3104 1497 3180 ad

282 3133 456 3376 lanisugn,
478 3225 591 3368 propre
608 3202 727 3369 sputos
745 3203 925 3372 {ogdanin
949 3205 1163 3374 iri'ffigaoed’
1185 3228 1312 3315 omnes
1329 3204 1407 3375 tiillas
1433 3224 1495 3313 ter·

280 3325 386 3490 {hl
399 3322 485 3472 sul
505 3319 984 3502 hilseldunum}
1009 3321 1495 3506 pessinuntius

277 3521 326 3569 eo
353 3512 567 3590 praetextu,
607 3510 648 3575 ct¹
667 3491 758 3563 filiae
786 3512 876 3586 ope,
916 3491 1130 3590 AEgyptum
1154 3495 1204 3568 sur
1230 3494 1366 3567 faceret
1399 3493 1496 3587 uus,

280 3612 324 3665 ac
348 3591 411 3663 fibi
438 3590 475 3663 in
508 3589 599 3664 bello
627 3611 707 3663 eum
742 3587 932 3678 Romanis,
975 3588 1070 3685 quod
1088 3591 1160 3685 jam
1185 3590 1223 3664 in
1248 3587 1370 3664 animo
1392 3519 1496 3663 habe-

279 3687 363 3775 bat,
394 3684 497 3779 adjun
524 3703 621 3772 eret,
647 3683 736 3757 teste
754 3682 931 3884 Appiam,
958 3703 1033 3758 erat
1050 3685 1144 3758 enim
1161 3709 1311 3784 regnum
1327 3682 1496 3784 nngypti

279 3784 341 3858 sub
369 3782 476 3852 tutela
559 3803 750 3853 manorum.
836 3805 877 3853 ua
894 3782 952 3877 spe
968 3780 1050 3854 dein
1072 3781 1245 3892 dejedlus,
1269 3805 1363 3857 arma
1389 3778 1496 3860 vertit

280 3878 320 3958 in
339 3879 534 3970 Europam,
561 3877 720 3972 belloque
739 3899 818 3949 cum
844 3877 1014 3951 Romanis
1041 3877 1240 3974 inplicitus,
1269 3876 1405 3952 infelici
1424 3877 1495 3951 sor-

279 3993 365 4068 nma
380 3971 456 4047 usus
472 3970 542 4057 est,
567 3995 692 4069 magna
709 3973 815 4046 etiam
833 3973 934 4071 regni
952 3993 1051 4070 parte
1070 3975 1219 4050 orbatus.
1257 3975 1373 4077 Quam
1388 3971 1496 4049 histo·

277 4071 387 4162 riam,
414 4090 459 4147 ex
482 4067 624 4160 Polyh,
650 4067 779 4156 Livio,
805 4089 842 4142 et
867 4069 1027 4168 Justino,
1053 4071 1302 4167 repetendam,
1327 4073 1496 4167 pericopa

275 4163 491 4267 prophetica
506 4162 596 4235 Dan.
624 4164 687 4236 XI:
718 4173 862 4257 13-18
890 4167 1012 4238 ordine
1032 4167 1215 4267 depingit,
1242 4188 1281 4240 ut
1296 4167 1334 4239 iu
1353 4168 1492 4246 Comm.

277 4260 430 4339 adstruxi
456 4279 493 4333 et
514 4256 617 4331 fufius
644 4257 812 4353 exposui,
858 4279 964 4334 etex
993 4261 1139 4344 historia
1163 4262 1341 4338 illustravi.
1391 4264 1493 4436 Qtssae

276 4361 339 4436 hic
366 4379 438 4428 non
469 4372 635 4453 repetam.
686 4355 841 4425 Tantum
868 4361 1092 4450 memorabo,
1127 4360 1368 4450 Antiochum,
1393 4385 1434 4435 re
1459 4382 1497 4440 us

276 4481 358 4532 cum
379 4451 564 4548 Epiphane
584 4448 751 4548 perustis,
778 4448 967 4524 resumsrlle
985 4456 1231 4550 expeditiones
1247 4457 1285 4531 in
1306 4456 1496 4539 Thraciam

274 4578 318 4634 et
339 4546 547 4641 Graeciam,
569 4566 756 4648 praetentu
782 4545 957 4628 libertatis
983 4542 1028 4626 iis
1048 4551 1277 4654 adserendae,
1303 4552 1371 4631 sed·
1387 4580 1498 4655 vere,

271 4682 279 4729 2
1014 4706 1019 4713 -
1120 4686 1123 4700 ·
1460 4668 1503 4734 us
