3575 5884
154 595 1573 933 ι-

591 1148 600 1155 ’
651 1144 853 1272 *an'ffis
875 1143 1039 1245 Serta*
1064 1232 1066 1237 .
1100 1182 1103 1189 ·
1394 1154 1470 1247 ‘tat

235 1332 311 1409 lius
342 1325 622 1423 Philadelpbise,
663 1330 762 1426 cujus
800 1329 840 1404 in
867 1326 1014 1404 historia
1045 1324 1200 1404 Simonis
1236 1344 1273 1401 et
1305 1326 1344 1403 H
1369 1328 1466 1403 teani

232 1424 414 1513 tuemini,
451 1424 598 1521 diripuit
624 1426 787 1520 quidem,
810 1425 871 1499 sed
899 1444 936 1498 et
960 1449 1044 1499 mox
1066 1422 1241 1524 perdidit,
1274 1422 1333 1497 inf
1361 1423 1465 1499 iciter

241 1547 327 1599 cum
358 1522 577 1608 Theodora,
610 1520 722 1615 ipsum
747 1521 927 1609 insecuto,
963 1519 1085 1594 habito
1113 1521 1255 1617 praelio.
1300 1518 1371 1593 Sed
1397 1519 1464 1595 lut

232 1618 345 1695 clade
367 1638 441 1689 non
464 1614 684 1704 absterritus,
727 1619 843 1691 movit
874 1634 1000 1689 contra
1028 1616 1203 1707 Gazaeos,
1243 1613 1302 1712 qui
1330 1615 1462 1715 mtup

242 1738 324 1789 rum
347 1712 385 1795 iu
411 1709 524 1806 ipsum
550 1710 809 1801 incitaverant,¹
849 1730 888 1784 et
919 1711 1142 1807 adjuverant:
1188 1712 1318 1785 Gazam
1344 1710 1463 1809 itaque

243 1832 345 1906 oppu
371 1806 490 1895 navit,
530 1829 618 1916 nec,
655 1805 726 1915 ‘nist
747 1806 828 1903 post
851 1808 911 1880 lon
937 1807 1049 1915 iorem
1076 1804 1315 1898 obsidionem,
1343 1864 1348 1877 .

232 1930 318 2003 ope
341 1830 552 1999 Apollodorr
579 1908 741 1991 lortrter,
767 1923 805 1975 et
830 1927 911 1978 cum
935 1923 1103 1976 continua
1125 1902 1315 1977 Alexandri
1342 1904 1460 1997 cade,
1544 1970 1546 1974 .

239 2021 455 2097 perannum
474 1999 654 2087 toleravit,
681 1996 719 2069 in
736 1999 944 2092 potestatem
961 1999 1044 2073 rede
1071 1996 1119 2087 it,
1138 1995 1318 2094 postquam
1338 2000 1462 2076 Theo

242 2099 392 2170 dotusa
420 2094 639 2200 fratre-elles
664 2094 809 2200 occisus.
858 2093 983 2182 Cives,
1009 2022 1095 2166 urle
1116 2112 1243 2189 capta,
1277 2120 1341 2191 per
1365 2094 1456 2171 mili·

245 2212 301 2265 tes
325 2187 405 2261 srvit
425 2188 621 2287 prorniscue
640 2188 778 2275 occrdr,
803 2187 954 2263 sednon
977 2188 1048 2261 stne
1073 2188 1211 2262 suorum
1237 2190 1353 2278 clade,
1378 2214 1461 2267 cum

240 2288 347 2362 cives
364 2284 436 2359 sese
463 2282 602 2357 strenue
618 2302 863 2451 opponerent,
891 2306 939 2357 ne
957 2282 1061 2357 inulti
1081 2305 1323 2373 morerentur,
1349 2306 1386 2359 et
1405 2286 1459 2385 ip·

240 2385 316 2457 sam
341 2383 461 2455 urbem
485 2378 628 2475 penitus
674 2376 842 2467 estruxit,
881 2378 952 2475 Jos.
986 2380 1072 2455 Ant.
1097 2382 1197 2455 Xlll.
1231 2399 1269 2454 et
1299 2383 1338 2455 Β.
1371 2382 1404 2477 J.
1428 2384 1457 2460 l.

242 2474 408 2566 Deinde,
442 2495 482 2550 ut
510 2475 600 2547 bella
632 2472 707 2569 ejus
739 2492 886 2548 esterna
919 2494 1000 2549 ante
1032 2475 1252 2567 recenseam,
1284 2500 1388 2575 quarn
1416 2479 1461 2553 ad

242 2569 428 2648 intestinos
452 2588 570 2644 motus
597 2567 759 2659 veniam,
799 2568 952 2665 jordane
984 2570 1098 2645 rursus
1131 2572 1312 2670 superato,
1353 2572 1461 2647 Arna·

240 2670 345 2742 rhum
369 2664 565 2755 destruxit,
590 2662 786 2738 Theodoto
810 2666 846 2738 se
873 2688 947 2740 nun
970 2688 1155 2763 opponere
1184 2667 1288 2755 auso,
1314 2687 1351 2740 et
1379 2669 1457 2745 the·

238 2766 358 2863 santos
382 2762 460 2838 suos
475 2764 592 2835 secum
608 2757 782 2834 abstulilie
806 2778 999 2834 contento:
1025 2784 1133 2857 porro
1149 2763 1283 2837 Arabes
1298 2764 1458 2861 subjuga·

240 2860 320 2948 vit,
346 2876 384 2931 et
401 2856 599 2945 Moabitas,
624 2854 807 2952 aliosque,
821 2852 1024 2931 tributarios
1040 2855 1161 2931 fecit:
1184 2856 1242 2932 sed
1260 2883 1365 2957 quos,
1393 2884 1459 2959 per

242 2950 454 3030 intestinum
470 2951 596 3023 bellum
621 2948 781 3041 coaetus,
807 2951 962 3025 reddidit
977 2953 1130 3026 Arabum
1154 2955 1251 3053 regi,
1277 2980 1323 3029 ne
1340 2953 1370 3031 is
1392 2956 1458 3035 srbi

245 3064 431 3134 noceret,
467 3043 648 3119 ¹seditiosrs
681 3046 750 3119 suis
776 3046 918 3120 civibus
953 3044 1196 3124 succurrendo.
1251 3052 1456 3153 Deinceps,

242 3144 339 3221 bello
365 3141 426 3216 illo
449 3138 574 3233 linito,
596 3142 642 3215 ad
667 3160 774 3215 terras
798 3141 1052 3238 recuperandas
1073 3144 1109 3217 se
1134 3143 1310 3241 adcinxit,
1335 3148 1458 3225 foede·

241 3264 284 3317 re
310 3261 390 3313 curn
412 3237 541 3326 Arete,
574 3236 731 3310 Arabum
754 3261 859 3335 rege,
886 3235 1009 3334 padio:
1043 3242 1232 3337 occupavit
1258 3263 1343 3319 tunc
1367 3246 1458 3320 Dio·

243 3359 348 3443 nem,
379 3332 516 3443 Pellam·
531 3352 569 3407 et
594 3334 780 3424 Gazaram,
815 3336 1025 3420 (iudanam,
1057 3338 1270 3425 Seleuciam,
1286 3433 1293 3446 ἱ
1310 3341 1459 3446 aliasque

242 3451 445 3602 {baille
464 3426 760 3631 lllplllll
773 3430 1457 3618 bilinllnllllfllllll?

239 3624 342 3710 ciac,
369 3620 521 3694 Arabiae
546 3620 742 3697 ctalsmum
757 3619 967 3715 regionum,
993 3642 1074 3714 quas
1092 3625 1251 3695 recenset
1274 3624 1345 3719 Jos.
1369 3628 1392 3702 l.
1419 3652 1452 3705 c.

239 3719 333 3795 adeo
358 3732 398 3787 ut
412 3738 559 3811 regnum
583 3713 643 3788 sub
668 3713 745 3810 ipso
771 3713 878 3788 suerit
902 3715 1161 3810 arnplillirnum,
1187 3739 1224 3791 et
1240 3721 1345 3819 longe
1368 3725 1453 3797 late·

236 3837 311 3912 que
331 3808 514 3899 diffusum,
538 3810 646 3905 majus
671 3810 787 3906 itaque
811 3834 909 3906 quarn
935 3834 1083 3909 unquam
1107 3834 1219 3888 antea.
1267 3820 1453 3896 Damasce-

239 3933 323 3987 nant
350 3924 484 3980 tantum
507 3904 680 3981 ditionem
695 3906 816 4000 Judaei
844 3930 1019 4003 nunquam
1036 3928 1246 4003 tenuerunt,
1271 3936 1312 3989 ut
1336 3917 1452 3992 obser·

239 4003 344 4080 vatris
371 4001 491 4075 Noris.
517 4002 652 4096 Epoclr.
679 4004 755 4098 Syr.
780 4003 923 4077 Maced.
950 4002 1036 4077 Dill'.
1062 4006 1124 4081 lll.

288 4100 321 4198 ᾗ.
346 4098 687 4206 temnuntur.
721 4096 919 4205 Ambitioni
944 4099 1027 4175 licet
1053 4103 1282 4200 aliquatenus,
1307 4103 1344 4178 in
1370 4128 1450 4209 reg.

241 4219 292 4273 no
325 4192 521 4302 dilatando,
557 4194 762 4302 satisfecerit
785 4193 1007 4304 Alexander,
1040 4221 1168 4275 nornen
1192 4222 1328 4293 quoque
1352 4203 1449 4281 suunt

238 4288 434 4457 reddiderrlt
447 4291 727 4459 (peelebcppppuspp
748 4313 790 4459 ape
814 4289 1056 4461 lpsrssrpsrdeaprlc,
1081 4292 1335 4460 popoopalllpnte
1361 4302 1448 4373 mul·

241 4386 480 4589 rtlaptllcpiarctearn
501 4409 606 4589 ’tralde
633 4409 826 4591 displilduitl),
852 4503 889 4556 et
915 4415 1170 4557 mult’osprlbpueo
1194 4414 1450 4580 passppnesrppp·

242 4578 377 4747 ῐυΙῑΤιὲζᾶἐ
391 4573 636 4747 ιῗῗιςᾳῐιωδυε
649 4576 949 4748 Ρὴετιῑαῗξὲιᾳώ
968 4581 1157 4675 Hyrcana,
1183 4600 1222 4653 ut
1247 4581 1345 4678 supra
1371 4585 1453 4760 pipp}
