3575 5884
643 873 799 957 Poriodut
823 878 967 958 Ollura.
1279 876 1284 885 ’
1351 883 1424 977 5¹49

184 1056 239 1137 N.
267 1056 315 1135 T.
342 1074 368 1132 t
393 1057 423 1132 l.
471 1054 584 1160 Docti
612 1056 708 1133 circa
734 1059 995 1158 genuinitatem
1031 1056 1133 1159 hujus
1165 1056 1348 1137 relationis
1375 1059 1416 1139 in

180 1174 307 1255 partes
329 1153 557 1247 scinduntur,
598 1174 637 1228 et
660 1155 829 1254 disputari
861 1158 907 1232 de
940 1182 985 1232 eo
1017 1157 1136 1254 potest
1169 1157 1207 1231 in
1231 1178 1415 1255 utramque

182 1273 360 1354 partem.r
387 1250 562 1348 Equidem
594 1252 803 1327 relationem
838 1250 883 1328 de
910 1254 1050 1355 judicio
1075 1253 1200 1329 mortis
1231 1254 1268 1328 in
1295 1254 1411 1331 Chris·

183 1371 266 1426 tutu
292 1349 388 1439 lato,
421 1367 459 1420 et
484 1348 692 1423 executioni
717 1349 903 1441 mandato,
937 1350 1024 1426 ficut
1048 1374 1067 1425 a
1091 1350 1304 1426 Praesidibur
1327 1354 1413 1427 Pro·

182 1447 391 1545 vinciacum
415 1442 495 1517 fieri
520 1446 560 1519 in
584 1446 688 1549 rebus
709 1445 931 1544 gravioribus
954 1448 1107 1538 solebat,
1150 1447 1251 1523 luille
1276 1448 1319 1521 ad
1344 1448 1412 1523 Ti·

182 1544 329 1622 berium
355 1539 512 1631 millam,
536 1563 615 1644 non,
625 1542 850 1640 negaverim,
876 1567 957 1617 cum
978 1543 1216 1619 Tertullianus
1238 1544 1321 1619 illud
1345 1562 1413 1622 tra·

185 1642 251 1717 did
336 1660 348 1710 t
381 1636 468 1736 Just.
491 1640 611 1721 Mart.
629 1662 718 1712 vero
741 1662 827 1715 num
851 1641 958 1737 Apol.
985 1641 1013 1715 1.
1038 1662 1069 1716 c.
1094 1663 1155 1733 45.
1180 1640 1410 1733 meminerit,

184 1736 338 1814 dubium
369 1734 482 1831 magis
504 1730 577 1824 est,
617 1756 699 1809 cum
729 1734 817 1811 alter
840 1738 939 1811 locus
970 1759 1002 1811 c.
1029 1742 1085 1833 63.
1119 1734 1154 1808 ei
1178 1758 1251 1809 non
1275 1736 1416 1829 faveat,

186 1833 255 1911 nili
278 1830 333 1906 ibi
357 1835 493 1929 legatur
514 1836 630 1911 datm
656 1833 751 1927 quod
776 1836 852 1907 vult
878 1831 1097 1907 Casaubonus
1120 1830 1164 1907 ad
1181 1834 1329 1924 Baton,
1355 1834 1415 1910 sed

187 1930 338 2008 videtur
360 1928 532 2026 pericopa
554 1930 598 2001 de
622 1926 825 2003 attitulati
851 1925 990 2026 Justino
1014 1951 1044 2004 c.
1069 1942 1129 2022 4'5.
1155 1930 1196 2001 ab
1219 1927 1285 2003 alia
1309 1953 1416 2005 manu

187 2024 350 2113 intrusa,
383 2042 421 2097 et
443 2022 580 2120 spuria3
615 2044 656 2097 ut
679 2025 738 2098 vel
771 2050 817 2100 en
840 2048 886 2099 eo
958 2045 1032 2098 tere
1060 2025 1223 2113 videtur,
1256 2026 1350 2123 quod
1376 2028 1416 2103 in

189 2126 262 2203 illia
286 2119 376 2196 attis
402 2118 565 2229 exprelle
589 2140 806 2197 memoretur
827 2048 956 2217 divid?
964 2119 1097 2233 vellium
1126 2120 1245 2232 Christi
1266 2144 1323 2219 per
1339 2120 1416 2231 sor·

189 2240 283 2395 igis,
303 2216 770 2423 aqupqespqqqnnsiqespremqt,
797 2217 1418 2412 quqnqepattiqlluquqifthtpigqffiq

190 2414 316 2493 uescto
341 2432 425 2483 num
456 2412 492 2484 se
515 2429 608 2483 tueri
661 2410 759 2501 offit,
802 2428 841 2484 et
862 2434 930 2508 pro
953 2408 1036 2485 fieta
1068 2434 1141 2484 non
1165 2409 1208 2484 ht
1230 2408 1418 2499 habenda,

214 2507 292 2585 uod
320 2506 510 2581 contendit
542 2506 590 2615 Τ.
621 2435 734 2583 daber
765 2508 788 2582 l.
814 2506 843 2583 l.
877 2530 955 2605 cap.
986 2528 1041 2583 12.
1083 2529 1187 2603 quem
1222 2506 1279 2581 alii
1306 2504 1419 2583 secuti

190 2532 284 2688 dunt.
332 2603 470 2702 Utique
496 2624 528 2676 1.
552 2604 701 2693 Palatua,
728 2601 904 2680 Christum
923 2621 1110 2701 tantopere
1127 2601 1319 2697 laudando,
1344 2604 1418 2678 sele

191 2701 302 2783 nimia
326 2698 522 2799 sulpellum
547 2697 751 2774 reddidiffet
775 2700 868 2797 apud
893 2698 1093 2789 Caesarem,
1123 2722 1192 2774 nec
1217 2724 1306 2799 opus
1330 2700 1418 2797 ejus·

195 2797 295 2877 modi
316 2797 528 2873 ‘laudatione
552 2794 724 2870 habuillet
747 2796 790 2869 ad
822 2796 857 2869 se
882 2794 1137 2887 excusandum,
1181 2818 1224 2891 a.
1239 2796 1424 2889 addidiffet

193 2894 363 2998 prolecto
389 2893 586 2985 rationem,
653 2915 732 2965 uate
756 2889 931 2965 Christum
966 2890 1205 2981 damnaverit,
1246 2894 1326 2993 quia
1349 2893 1422 2969 sese

193 3017 304 3165 rpperi
322 2991 549 3085 Judaeorum,
575 3007 613 3062 et
668 2988 766 3063 ilium
787 2988 880 3078 Dei,
904 2986 1075 3086 proleffus
1101 2987 1238 3081 fuerat,
1263 2988 1350 3064 licut
1375 2992 1420 3063 ti·

193 3111 212 3169 t
249 3114 290 3165 us
306 3089 344 3163 in
355 3108 462 3160 cruce
479 3084 655 3194 praetulit.
705 3110 737 3181 3.
763 3084 884 3157 Nimis
902 3085 1114 3181 paradoxum
1132 3084 1204 3174 est,
1231 3083 1420 3161 Tiberium

194 3183 376 3263 Christum
392 3180 540 3257 volmlle
563 3206 584 3255 a
601 3180 723 3255 senatu
739 3180 833 3253 inter
849 3184 948 3256 Deos
966 3178 1113 3270 referri,
1138 3202 1218 3253 cum
1243 3180 1311 3253 tale
1335 3180 1421 3279 quid
1563 3234 1567 3243 ·

194 3284 317 3361 minua
341 3302 463 3355 curare
486 3278 634 3365 soleret,
666 3296 704 3349 et
729 3276 879 3374 Judaeos
903 3277 988 3349 odio
1004 3276 1175 3359 haberet,
1211 3274 1298 3349 teste
1322 3278 1421 3357 Suet.

193 3381 236 3458 in
253 3378 409 3454 Tiberio
430 3398 462 3449 c.
514 3382 547 3451 6.
574 3372 848 3449 Christianorum
867 3392 1048 3468 praeterea
1070 3394 1201 3447 nomen
1215 3395 1339 3470 parum
1363 3376 1423 3449 ad·

195 3479 272 3554 huc
297 3494 422 3549 notum
451 3399 539 3545 ell³et
563 3472 721 3560 Romae,
753 3492 833 3543 cum
859 3466 1016 3542 Christus
1037 3468 1227 3543 crucifixus
1253 3470 1325 3563 est,
1356 3474 1420 3549 sub

194 3574 310 3652 finem
337 3568 498 3658 Tiberii,
528 3566 685 3663 denique
708 3568 893 3655 Senatum,
928 3562 953 3637 st
976 3588 1063 3638 vere
1089 3560 1127 3639 id
1151 3566 1334 3660 voluillet‚
1359 3594 1419 3645 au·

195 3672 276 3749 sum
306 3664 408 3741 luille
434 3663 518 3738 illud
536 3663 714 3762 rejicere,
757 3662 863 3738 etiam
889 3659 1106 3737 Christianos
1129 3664 1216 3741 urhe
1243 3666 1420 3765 expellen-

195 3769 264 3842 dos
289 3765 493 3839 decernere.

246 3862 280 3965 §-
307 3859 478 3951 Dxxtx.
512 3856 656 3954 Reliqui
681 3854 772 3944 duo,
803 3853 886 3953 post
912 3853 1081 3944 Pilatum,
1122 3853 1307 3932 Marcellus
1333 3858 1420 3935 ami-

197 3984 265 4037 cus
287 3954 452 4043 Vitellii,
477 3954 599 4053 Syriae
618 3950 806 4040 Praesidio,
831 3954 873 4023 ab
901 3974 946 4038 eo
970 3951 1007 4024 in
1025 3950 1188 4048 Judaeam
1219 3950 1357 4043 missus,
1382 3978 1423 4033 et

199 4059 400 4142 Marullus,
426 4050 501 4149 ejus
525 4049 715 4138 succellor,
741 4045 1046 4155 aeajosuffettus
1069 4046 1138 4156 Jos.
1164 4048 1249 4121 Ant.
1278 4048 1419 4133 XVIII.

199 4153 293 4230 nihil
318 4152 451 4225 habent
474 4146 591 4223 nostra
615 4146 822 4219 adtentione
845 4144 1013 4236 dignum,
1046 4142 1109 4216 nrsr
1134 4144 1227 4238 quod
1253 4144 1312 4219 sub
1340 4148 1422 4221 Ma.

198 4249 292 4323 rullo
309 4248 412 4345 Caius
428 4242 571 4319 statuam
590 4242 681 4317 luam
697 4241 835 4339 jullerit
851 4266 872 4316 a
887 4238 1079 4327 Petronio,
1106 4238 1227 4334 Syriae
1241 4238 1422 4343 Praelide,

202 4344 490 4445 iherosolymam
514 4342 554 4424 itt
581 4340 779 4513 Templutq
804 4338 946 4416 deferri.
994 4331 1067 4439 Qui
1098 4334 1196 4413 casua
1213 4344 1425 4519 memorqpia

218 4467 223 4474 '
520 4517 523 4525 .
646 4491 655 4509 =
784 4454 879 4534 ΠΒ
1183 4474 1184 4478 ’
1385 4466 1429 4535 0¹.
