3575 5884
621 1198 777 1315 Μ
795 1196 941 1307 ΕΜ
1374 1218 1402 1295 ⁹

204 1377 348 1455 luntilli
371 1375 487 1467 libro,
510 1374 620 1453 inllnr
641 1378 847 1489 dpendicir
869 1379 973 1455 suille
993 1376 1215 1479 arljnnflrnn,
1247 1378 1401 1483 indeque¹

204 1474 423 1549 rtolestore
450 1474 533 1549 libri
555 1474 817 1549 Chromcorum
846 1477 1046 1553 desumtum
1067 1478 1159 1571 elle,
1192 1477 1397 1555 tradereou.

207 1570 272 1645 Nec
297 1592 416 1645 umen
445 1568 559 1645 ineo
587 1572 719 1669 perlem
748 1571 862 1671 figere
891 1574 1129 1665 infirmum
1158 1572 1399 1668 increerptir

207 1665 537 1755 commentariorum,
561 1664 688 1741 inlroc
708 1691 851 1765 qnoque
870 1669 987 1759 libro,
1010 1670 1141 1769 pluralis
1164 1694 1207 1744 er
1228 1668 1275 1743 de
1297 1690 1399 1741 corn·

207 1763 363 1837 penuriis
387 1761 471 1861 ipss
489 1760 719 1851 adhibertnn
741 1762 829 1837 licet
849 1764 921 1839 elle
944 1765 1124 1862 potuerit,
1149 1784 1188 1839 ut
1210 1786 1313 1839 autor
1336 1761 1401 1836 hic

207 1856 441 1955 rlcrcerptr,
471 1856 511 1931 in
533 1856 633 1931 libris
651 1859 795 1955 Regnn
816 1860 1042 1950 occurentia,
1075 1858 1315 1949 reſtrinxerit,
1349 1868 1399 1933 co'

207 1954 316 2051 magii,
337 1950 463 2051 qnod‘
528 1954 777 2029 commentarii
791 1954 873 2053 post
884 1954 1032 2031 erilium
1044 1953 1143 2029 inter
1158 1956 1308 2031 reduces
1323 1956 1397 2031 tuni

207 2047 281 2147 plius
299 2072 372 2123 non
394 2046 458 2123 sub
488 2050 498 2063 ‘
558 2048 568 2063 ⁸
594 2070 631 2140 t,
655 2068 697 2123 ut
711 2048 813 2149 supra
834 2050 1032 2127 observati.
1422 2134 1424 2139 ,

206 2142 371 2315 ulium
403 2144 585 2243 Quicquid
602 2144 673 2219 hac
693 2145 741 2218 de
762 2168 804 2218 re
825 2143 891 2235 fit,
930 2144 1013 2220 illud
1042 2167 1231 2219 commune
1254 2144 1294 2219 hi
1316 2143 1398 2221 libri

334 2262 415 2315 cum

207 2334 291 2409 m.
310 2360 334 2409 2
352 2238 976 2426 mlnrnbfflrffi
984 2240 1399 2434 ffliffii

205 2432 243 2505 rb
264 2428 331 2503 alio
349 2452 472 2507 autore
492 2431 534 2506 in
548 2456 659 2507 unum
680 2432 848 2521 cole&
870 2432 951 2529 post
964 2432 1111 2509 exilium
1126 2430 1401 2529 Babylonimm,

205 2524 407 2603 contineant.
453 2530 671 2605 Provooeur
692 2528 791 2602 eninr
813 2528 928 2603 ethic
951 2528 1129 2602 continuo*
1149 2527 1192 2601 ad
1207 2528 1285 2601 illos
1300 2550 1398 2601 com·

206 2620 400 2714 menterior,
423 2643 463 2697 et
476 2622 523 2697 dc
544 2621 723 2719 excerptis
745 2626 791 2699 ab
804 2622 883 2699 aliis
898 2622 1140 2713 concinnatis,
1166 2646 1213 2697 ex
1228 2622 1400 2711 romula,

206 2717 332 2792 illunc
346 2719 560 2817 respuerim,
606 2740 723 2827 noque
737 2718 895 2795 constat:
920 2738 961 2793 ut
976 2719 1078 2817 supra
1092 2716 1227 2792 notari.
1275 2716 1399 2794 Vixis-

204 2813 237 2887 se
254 2836 337 2887 vero
358 2834 520 2889 autorem
543 2743 762 2889 colesttonis
783 2834 1032 2910 excerptorum
1055 2811 1134 2911 post
1158 2812 1326 2903 exilium,
1352 2836 1399 2889 er

204 2932 245 2982 eo
265 2909 490 3017 probabiliter
510 2910 712 3078 colligitur,
737 2911 833 3006 quod
849 2910 1069 3007 genealogias
1086 2932 1158 2982 non
1176 2930 1310 2982 tantum
1327 2928 1401 2985 tam

204 3002 341 3077 studrose
363 3005 564 3095 recenseat,
609 3024 681 3079 tcut
705 3003 787 3103 post
809 3005 954 3080 exrlium
976 3005 1106 3078 facium
1129 3004 1199 3079 esse
1222 3030 1268 3079 ex
1291 3005 1403 3078 Ezrae

201 3121 239 3172 tc
260 3099 412 3175 Nehem.
437 3099 534 3174 libris
552 3098 708 3189 constat,
734 3118 772 3175 et
787 3102 830 3175 ad
849 3122 958 3174 terras
976 3099 1214 3196 occupandas,
1240 3100 1403 3196 sacraque

201 3193 401 3284 ordinanda,
428 3194 654 3269 necessarium
676 3217 772 3286 erat,
797 3197 856 3271 sed
880 3216 918 3269 et
942 3194 1048 3270 edicti
1069 3195 1153 3292 Cyri
1180 3195 1217 3269 in
1241 3195 1402 3270 favorem

199 3292 353 3378 exulum,
391 3316 435 3365 ac
460 3291 649 3365 terminum
678 3292 799 3381 exilii,
841 3291 998 3388 exprelle
1029 3310 1201 3364 memoret
1229 3289 1399 3364 2Chron.

199 3387 363 3460 XXXVI:
391 3409 493 3459 20-
514 3389 599 3461 Nec
623 3407 742 3461 tamen
757 3386 819 3460 diu
841 3388 921 3485 post
935 3387 1104 3472 reditum,
1130 3410 1211 3459 cunr
1226 3385 1270 3457 de
1285 3407 1403 3459 rerum

199 3480 441 3555 instauratione
472 3481 561 3555 nihil
592 3482 714 3556 tradat.
762 3482 928 3556 Occurrit
961 3481 1102 3580 quidem
1139 3479 1401 3551 1Cl1ron.lll:

203 3598 298 3650 ro·-
319 3574 475 3650 recensio
496 3575 717 3673 posterorum
739 3577 933 3673 Jechonine
958 3576 1073 3672 regis,
1099 3572 1170 3645 sese
1197 3574 1304 3669 longe
1321 3569 1403 3669 post

197 3670 347 3762 reditum
362 3672 564 3769 porrigens,
589 3672 648 3747 sed
673 3674 774 3746 earth
789 3672 857 3746 alio
872 3692 995 3746 autore
1020 3669 1160 3743 videtur
1177 3667 1322 3743 inserta:
1348 3667 1405 3743 uti

193 3766 267 3862 jam
298 3765 348 3839 est
376 3767 607 3843 observatum.
653 3765 742 3873 Quis
764 3792 853 3841 vero
879 3767 986 3840 luerit
1018 3765 1205 3852 librorum,
1247 3763 1286 3837 in
1310 3764 1403 3837 lunc

196 3862 346 3937 sormam
359 3861 593 3951 redablorum,
617 3880 738 3951 autor,
763 3863 902 3959 prorsus
918 3860 955 3933 in
971 3862 1119 3936 obscuro
1135 3860 1206 3949 est,
1232 3882 1299 3933 nec
1316 3882 1404 3930 con·

195 3956 358 4054 jetturis,
396 3960 492 4032 nullo
522 3957 616 4031 nixis
645 3956 896 4046 fundamcnm,
939 3955 1118 4056 indulgere
1146 3958 1257 4052 juvat.
1314 3948 1403 4027 Illud

201 4051 353 4127 nonest
383 4053 629 4151 inprobabile,
670 4074 752 4126 cum
782 4051 833 4124 ibi
865 4051 1012 4148 incipiat
1055 4052 1142 4126 libet
1174 4052 1301 4135 Errat,
1342 4045 1406 4123 ubi

200 4147 323 4223 'definit
356 4148 444 4223 liber
475 4147 749 4235 Chronicorum‚
793 4164 830 4221 ut
863 4171 908 4222 ex
944 4149 1113 4222 2Chr0n.
1147 4145 1307 4220 xxxvl
1342 4143 1405 4220 fin.

203 4264 240 4315 et
262 4245 337 4318 Ezr.
365 4247 392 4318 1.
418 4242 574 4332 constat,
607 4242 787 4320 historiam
811 4243 1010 4318 continuari
1036 4267 1100 4342 per
1123 4240 1249 4314 librum
1273 4239 1404 4327 Eztue,

200 4337 258 4410 sed
281 4339 430 4413 eundem
453 4362 526 4413 non
551 4337 665 4435 arguit
693 4360 872 4428 autorem3
898 4338 1027 4412 srvero
1043 4341 1130 4412 Ezra
1156 4335 1322 4407 habeatur
1345 4359 1407 4407 au·

200 4450 255 4506 tor
277 4434 355 4508 libri
376 4435 528 4525 Chron,
553 4433 648 4531 quod
674 4433 761 4509 nihil
815 4432 943 4509 raefert
967 4429 1203 4531 inprobabilc,
1227 4428 1307 4505 libri
1331 4430 1405 4532 lle·

198 4552 281 4637 gurn
309 4529 374 4627 ipfi
405 4552 480 4604 non
520 4531 598 4604 sunt
632 4459 813 4604 tribuendi
826 4586 838 4620 ‚
885 4553 967 4605 cum
1007 4529 1128 4604 eadem
1170 4548 1242 4601 non
1274 4538 1405 4619 repetr·

193 4624 294 4712 filet,
331 4645 513 4724 praeterea
534 4626 573 4703 in
594 4623 670 4707 aliis
694 4626 734 4707 hi
759 4625 840 4705 libri
866 4625 971 4703 nimis
994 4650 1015 4702 a
1039 4623 1073 4700 se
1098 4620 1254 4703 invicem
1278 4616 1407 4692 discre-

236 4716 323 4797 Torr.
350 4722 403 4839 ll.
828 4723 858 4796 Β
1297 4728 1410 4811 pent,
1445 4774 1561 5070 l
