<?xml version="1.0" encoding="UTF-8"?>
<!DOCTYPE html PUBLIC "-//W3C//DTD XHTML 1.0 Transitional//EN"
    "http://www.w3.org/TR/xhtml1/DTD/xhtml1-transitional.dtd">
<html xmlns="http://www.w3.org/1999/xhtml" xml:lang="en" lang="en">
 <head>
  <title>
</title>
<meta http-equiv="Content-Type" content="text/html;charset=utf-8" />
  <meta name='ocr-system' content='tesseract 3.04.00' />
  <meta name='ocr-capabilities' content='ocr_page ocr_carea ocr_par ocr_line ocrx_word'/>
</head>
<body>
  <div class='ocr_page' id='page_1' title='image "./hermannivenemai04venegoog/hermannivenemai04venegoog_0592.png"; bbox 0 0 3575 5884; ppageno 0'>
   <div class='ocr_carea' id='block_1_1' title="bbox 496 1036 1431 1177">
    <p class='ocr_par' dir='ltr' id='par_1_1' title="bbox 496 1036 1431 1177">
     <span class='ocr_line' id='line_1_1' title="bbox 496 1036 1431 1177; baseline -0.009 -21"><span class='ocrx_word' id='word_1_1' title='bbox 496 1152 498 1156; x_wconf 73' lang='grc'><strong>,</strong></span> <span class='ocrx_word' id='word_1_2' title='bbox 547 1040 583 1114; x_wconf 44' lang='lat'>5³⁸</span> <span class='ocrx_word' id='word_1_3' title='bbox 623 1045 626 1048; x_wconf 31' lang='lat'><em>⁷</em></span> <span class='ocrx_word' id='word_1_4' title='bbox 653 1036 807 1149; x_wconf 52' lang='lat' dir='ltr'>neilus</span> <span class='ocrx_word' id='word_1_5' title='bbox 827 1044 985 1148; x_wconf 41' lang='lat' dir='ltr'>‘odanti</span> <span class='ocrx_word' id='word_1_6' title='bbox 1357 1074 1431 1177; x_wconf 53' lang='grc' dir='ltr'>ξε)</span> 
     </span>
    </p>
   </div>
   <div class='ocr_carea' id='block_1_2' title="bbox 203 1244 1522 2984">
    <p class='ocr_par' dir='ltr' id='par_1_2' title="bbox 203 1244 1522 2984">
     <span class='ocr_line' id='line_1_2' title="bbox 209 1244 1431 1355; baseline 0.003 -28"><span class='ocrx_word' id='word_1_7' title='bbox 209 1244 369 1329; x_wconf 81' lang='lat' dir='ltr'>Mosaica</span> <span class='ocrx_word' id='word_1_8' title='bbox 392 1247 703 1344; x_wconf 73' lang='lat' dir='ltr'>commiscendum,</span> <span class='ocrx_word' id='word_1_9' title='bbox 745 1277 787 1327; x_wconf 88' lang='lat' dir='ltr'>ac</span> <span class='ocrx_word' id='word_1_10' title='bbox 813 1251 996 1353; x_wconf 86' lang='lat' dir='ltr'>mysticam</span> <span class='ocrx_word' id='word_1_11' title='bbox 1024 1247 1151 1350; x_wconf 86' lang='lat' dir='ltr'>Script.</span> <span class='ocrx_word' id='word_1_12' title='bbox 1184 1250 1220 1327; x_wconf 90' lang='lat' dir='ltr'>S.</span> <span class='ocrx_word' id='word_1_13' title='bbox 1257 1244 1431 1355; x_wconf 59' lang='lat' dir='ltr'>interpret</span> 
     </span>
     <span class='ocr_line' id='line_1_3' title="bbox 208 1345 1431 1463; baseline 0.008 -44"><span class='ocrx_word' id='word_1_14' title='bbox 208 1347 382 1420; x_wconf 87' lang='lat' dir='ltr'>tationem</span> <span class='ocrx_word' id='word_1_15' title='bbox 408 1345 551 1439; x_wconf 80' lang='lat' dir='ltr'>stravit,</span> <span class='ocrx_word' id='word_1_16' title='bbox 592 1373 679 1446; x_wconf 89' lang='lat' dir='ltr'>quae</span> <span class='ocrx_word' id='word_1_17' title='bbox 712 1349 879 1452; x_wconf 83' lang='lat' dir='ltr'>deinceps</span> <span class='ocrx_word' id='word_1_18' title='bbox 906 1347 1110 1452; x_wconf 78' lang='lat' dir='ltr'>Christianis</span> <span class='ocrx_word' id='word_1_19' title='bbox 1142 1366 1328 1447; x_wconf 82' lang='lat' dir='ltr'>tantopere</span> <span class='ocrx_word' id='word_1_20' title='bbox 1354 1357 1431 1463; x_wconf 65' lang='lat' dir='ltr'>pla-1</span> 
     </span>
     <span class='ocr_line' id='line_1_4' title="bbox 209 1442 1430 1544; baseline 0.006 -28"><span class='ocrx_word' id='word_1_21' title='bbox 209 1443 307 1531; x_wconf 82' lang='lat' dir='ltr'>cuit,</span> <span class='ocrx_word' id='word_1_22' title='bbox 342 1442 532 1540; x_wconf 84' lang='lat' dir='ltr'><strong>praecipue</strong></span> <span class='ocrx_word' id='word_1_23' title='bbox 559 1446 720 1544; x_wconf 86' lang='lat' dir='ltr'>Origeni.</span> <span class='ocrx_word' id='word_1_24' title='bbox 807 1471 851 1519; x_wconf 91' lang='lat' dir='ltr'>uo</span> <span class='ocrx_word' id='word_1_25' title='bbox 884 1444 991 1518; x_wconf 89' lang='lat' dir='ltr'>etiam</span> <span class='ocrx_word' id='word_1_26' title='bbox 1018 1469 1105 1541; x_wconf 82' lang='lat' dir='ltr'>opus</span> <span class='ocrx_word' id='word_1_27' title='bbox 1130 1447 1223 1542; x_wconf 84' lang='lat' dir='ltr'>ejus,</span> <span class='ocrx_word' id='word_1_28' title='bbox 1256 1448 1315 1520; x_wconf 87' lang='lat' dir='ltr'>cui</span> <span class='ocrx_word' id='word_1_29' title='bbox 1340 1467 1430 1533; x_wconf 55' lang='lat' dir='ltr'>tttuu,</span> 
     </span>
     <span class='ocr_line' id='line_1_5' title="bbox 207 1540 1431 1638; baseline 0.006 -26"><span class='ocrx_word' id='word_1_30' title='bbox 207 1540 281 1637; x_wconf 86' lang='lat' dir='ltr'>lus,</span> <span class='ocrx_word' id='word_1_31' title='bbox 324 1544 546 1633; x_wconf 75' lang='lat' dir='ltr'><em>interpretatio</em></span> <span class='ocrx_word' id='word_1_32' title='bbox 577 1547 735 1617; x_wconf 80' lang='lat' dir='ltr'><strong><em>nominum</em></strong></span> <span class='ocrx_word' id='word_1_33' title='bbox 794 1545 995 1616; x_wconf 79' lang='lat' dir='ltr'>ebroicarum</span> <span class='ocrx_word' id='word_1_34' title='bbox 1026 1545 1059 1613; x_wconf 75' lang='lat' dir='ltr'>in</span> <span class='ocrx_word' id='word_1_35' title='bbox 1093 1543 1162 1636; x_wconf 79' lang='lat' dir='ltr'>lege</span> <span class='ocrx_word' id='word_1_36' title='bbox 1193 1557 1224 1615; x_wconf 82' lang='lat' dir='ltr'>tt</span> <span class='ocrx_word' id='word_1_37' title='bbox 1254 1545 1431 1638; x_wconf 71' lang='lat' dir='ltr'>Prophetis,</span> 
     </span>
     <span class='ocr_line' id='line_1_6' title="bbox 206 1631 1428 1742; baseline 0.008 -35"><span class='ocrx_word' id='word_1_38' title='bbox 206 1631 345 1742; x_wconf 79' lang='lat' dir='ltr'>tendit,</span> <span class='ocrx_word' id='word_1_39' title='bbox 378 1660 455 1733; x_wconf 16' lang='lat' dir='ltr'>quo*</span> <span class='ocrx_word' id='word_1_40' title='bbox 474 1659 608 1731; x_wconf 84' lang='lat' dir='ltr'>canon</span> <span class='ocrx_word' id='word_1_41' title='bbox 639 1659 709 1712; x_wconf 91' lang='lat' dir='ltr'>tam</span> <span class='ocrx_word' id='word_1_42' title='bbox 733 1658 976 1736; x_wconf 86' lang='lat' dir='ltr'>exponuntur,</span> <span class='ocrx_word' id='word_1_43' title='bbox 1018 1658 1122 1737; x_wconf 88' lang='lat' dir='ltr'>quam</span> <span class='ocrx_word' id='word_1_44' title='bbox 1148 1637 1185 1712; x_wconf 90' lang='lat' dir='ltr'>in</span> <span class='ocrx_word' id='word_1_45' title='bbox 1210 1638 1322 1715; x_wconf 79' lang='lat' dir='ltr'>senilis</span> <span class='ocrx_word' id='word_1_46' title='bbox 1347 1643 1428 1717; x_wconf 82' lang='lat' dir='ltr'>alle-</span> 
     </span>
     <span class='ocr_line' id='line_1_7' title="bbox 205 1732 1479 1832; baseline 0.009 -30"><span class='ocrx_word' id='word_1_47' title='bbox 205 1752 351 1828; x_wconf 82' lang='lat' dir='ltr'>goricos</span> <span class='ocrx_word' id='word_1_48' title='bbox 368 1750 594 1827; x_wconf 84' lang='lat' dir='ltr'><strong>torquentur:</strong></span> <span class='ocrx_word' id='word_1_49' title='bbox 621 1734 721 1832; x_wconf 84' lang='lat' dir='ltr'>parvi</span> <span class='ocrx_word' id='word_1_50' title='bbox 748 1734 865 1831; x_wconf 85' lang='lat' dir='ltr'>itaque</span> <span class='ocrx_word' id='word_1_51' title='bbox 891 1732 1019 1831; x_wconf 88' lang='lat' dir='ltr'>pretii,</span> <span class='ocrx_word' id='word_1_52' title='bbox 1045 1732 1109 1805; x_wconf 78' lang='lat' dir='ltr'>nisi</span> <span class='ocrx_word' id='word_1_53' title='bbox 1136 1735 1231 1829; x_wconf 89' lang='lat' dir='ltr'>quod</span> <span class='ocrx_word' id='word_1_54' title='bbox 1247 1738 1479 1813; x_wconf 55' lang='lat' dir='ltr'>Veterum-ff</span> 
     </span>
     <span class='ocr_line' id='line_1_8' title="bbox 206 1825 1430 1928; baseline 0.007 -28"><span class='ocrx_word' id='word_1_55' title='bbox 206 1825 486 1901; x_wconf 85' lang='lat' dir='ltr'>Christianorum</span> <span class='ocrx_word' id='word_1_56' title='bbox 510 1828 627 1906; x_wconf 90' lang='lat' dir='ltr'>multis</span> <span class='ocrx_word' id='word_1_57' title='bbox 652 1831 740 1906; x_wconf 89' lang='lat' dir='ltr'>locis</span> <span class='ocrx_word' id='word_1_58' title='bbox 768 1852 808 1904; x_wconf 88' lang='lat' dir='ltr'>ac</span> <span class='ocrx_word' id='word_1_59' title='bbox 832 1828 1030 1928; x_wconf 84' lang='lat' dir='ltr'>allegoricis</span> <span class='ocrx_word' id='word_1_60' title='bbox 1052 1828 1349 1926; x_wconf 78' lang='lat' dir='ltr'>explicationibus</span> <span class='ocrx_word' id='word_1_61' title='bbox 1375 1837 1430 1909; x_wconf 92' lang='lat' dir='ltr'>lu·</span> 
     </span>
     <span class='ocr_line' id='line_1_9' title="bbox 204 1923 1430 2020; baseline -0.002 -22"><span class='ocrx_word' id='word_1_62' title='bbox 204 1935 287 1999; x_wconf 85' lang='lat' dir='ltr'>c&#39;em</span> <span class='ocrx_word' id='word_1_63' title='bbox 310 1923 520 2020; x_wconf 86' lang='lat' dir='ltr'>inlpetgant.</span> <span class='ocrx_word' id='word_1_64' title='bbox 1427 1950 1430 1956; x_wconf 92' lang='lat'>·</span> 
     </span>
     <span class='ocr_line' id='line_1_10' title="bbox 216 2017 1431 2119; baseline 0.006 -28"><span class='ocrx_word' id='word_1_65' title='bbox 216 2019 282 2119; x_wconf 74' lang='lat'>&#39;§.</span> <span class='ocrx_word' id='word_1_66' title='bbox 307 2018 479 2114; x_wconf 90' lang='lat' dir='ltr'>DLXVl.</span> <span class='ocrx_word' id='word_1_67' title='bbox 506 2022 576 2096; x_wconf 90' lang='lat' dir='ltr'>Sub</span> <span class='ocrx_word' id='word_1_68' title='bbox 602 2021 771 2111; x_wconf 89' lang='lat' dir='ltr'>Claudio,</span> <span class='ocrx_word' id='word_1_69' title='bbox 799 2019 958 2118; x_wconf 76' lang='lat' dir='ltr'>inpulsum</span> <span class='ocrx_word' id='word_1_70' title='bbox 985 2017 1130 2116; x_wconf 79' lang='lat' dir='ltr'>Chresto,</span> <span class='ocrx_word' id='word_1_71' title='bbox 1157 2018 1246 2093; x_wconf 92' lang='lat' dir='ltr'>teste</span> <span class='ocrx_word' id='word_1_72' title='bbox 1262 2022 1358 2098; x_wconf 85' lang='lat' dir='ltr'>Suet.</span> <span class='ocrx_word' id='word_1_73' title='bbox 1388 2022 1431 2105; x_wconf 82' lang='lat' dir='ltr'>in</span> 
     </span>
     <span class='ocr_line' id='line_1_11' title="bbox 203 2113 1426 2214; baseline 0.002 -26"><span class='ocrx_word' id='word_1_74' title='bbox 203 2113 383 2202; x_wconf 90' lang='lat' dir='ltr'>Claudio,</span> <span class='ocrx_word' id='word_1_75' title='bbox 425 2114 566 2208; x_wconf 73' lang='lat' dir='ltr'>adficior·</span> <span class='ocrx_word' id='word_1_76' title='bbox 588 2121 822 2191; x_wconf 75' lang='lat' dir='ltr'><em>tumultuantes</em></span> <span class='ocrx_word' id='word_1_77' title='bbox 859 2116 988 2208; x_wconf 80' lang='lat' dir='ltr'>Judoei</span> <span class='ocrx_word' id='word_1_78' title='bbox 1020 2116 1129 2189; x_wconf 83' lang='lat' dir='ltr'>Romo</span> <span class='ocrx_word' id='word_1_79' title='bbox 1161 2116 1285 2212; x_wconf 80' lang='lat' dir='ltr'>eapulst</span> <span class='ocrx_word' id='word_1_80' title='bbox 1309 2120 1426 2214; x_wconf 82' lang='lat' dir='ltr'>sunt,-</span> 
     </span>
     <span class='ocr_line' id='line_1_12' title="bbox 206 2211 1429 2310; baseline 0.002 -25"><span class='ocrx_word' id='word_1_81' title='bbox 206 2213 308 2307; x_wconf 84' lang='lat' dir='ltr'>cujus</span> <span class='ocrx_word' id='word_1_82' title='bbox 329 2211 466 2284; x_wconf 89' lang='lat' dir='ltr'>mentio</span> <span class='ocrx_word' id='word_1_83' title='bbox 496 2214 602 2287; x_wconf 88' lang='lat' dir='ltr'>etiam</span> <span class='ocrx_word' id='word_1_84' title='bbox 627 2211 738 2286; x_wconf 82' lang='lat' dir='ltr'>exstat</span> <span class='ocrx_word' id='word_1_85' title='bbox 770 2211 850 2287; x_wconf 77' lang='lat' dir='ltr'>An.</span> <span class='ocrx_word' id='word_1_86' title='bbox 878 2212 1017 2299; x_wconf 89' lang='lat' dir='ltr'>XVlll.</span> <span class='ocrx_word' id='word_1_87' title='bbox 1052 2231 1194 2286; x_wconf 89' lang='lat' dir='ltr'>tacente</span> <span class='ocrx_word' id='word_1_88' title='bbox 1218 2213 1303 2286; x_wconf 90' lang='lat' dir='ltr'>licet</span> <span class='ocrx_word' id='word_1_89' title='bbox 1326 2215 1429 2310; x_wconf 46' lang='lat' dir='ltr'>Joseff</span> 
     </span>
     <span class='ocr_line' id='line_1_13' title="bbox 203 2305 1425 2408; baseline 0.005 -29"><span class='ocrx_word' id='word_1_90' title='bbox 203 2309 301 2408; x_wconf 92' lang='lat' dir='ltr'>pho:</span> <span class='ocrx_word' id='word_1_91' title='bbox 327 2305 386 2382; x_wconf 91' lang='lat' dir='ltr'>ubi</span> <span class='ocrx_word' id='word_1_92' title='bbox 405 2306 585 2405; x_wconf 77' lang='lat' dir='ltr'>Christum,</span> <span class='ocrx_word' id='word_1_93' title='bbox 610 2311 805 2401; x_wconf 90' lang='lat' dir='ltr'>Dominum</span> <span class='ocrx_word' id='word_1_94' title='bbox 832 2305 1007 2394; x_wconf 89' lang='lat' dir='ltr'>nostrum,</span> <span class='ocrx_word' id='word_1_95' title='bbox 1030 2321 1105 2380; x_wconf 76' lang='lat' dir='ltr'>&#39;non</span> <span class='ocrx_word' id='word_1_96' title='bbox 1131 2307 1303 2405; x_wconf 82' lang='lat' dir='ltr'>intelligi,</span> <span class='ocrx_word' id='word_1_97' title='bbox 1329 2310 1425 2406; x_wconf 87' lang='lat' dir='ltr'>quod</span> 
     </span>
     <span class='ocr_line' id='line_1_14' title="bbox 205 2403 1429 2503; baseline 0.003 -26"><span class='ocrx_word' id='word_1_98' title='bbox 205 2403 312 2477; x_wconf 90' lang='lat' dir='ltr'>multi</span> <span class='ocrx_word' id='word_1_99' title='bbox 346 2423 491 2503; x_wconf 87' lang='lat' dir='ltr'>putant,</span> <span class='ocrx_word' id='word_1_100' title='bbox 517 2405 590 2477; x_wconf 46' lang='lat' dir='ltr'>&#39;sed</span> <span class='ocrx_word' id='word_1_101' title='bbox 624 2423 729 2502; x_wconf 86' lang='lat' dir='ltr'>caput</span> <span class='ocrx_word' id='word_1_102' title='bbox 763 2405 903 2499; x_wconf 82' lang='lat' dir='ltr'>aliquod</span> <span class='ocrx_word' id='word_1_103' title='bbox 929 2404 1194 2494; x_wconf 87' lang='lat' dir='ltr'>seditiosorum,</span> <span class='ocrx_word' id='word_1_104' title='bbox 1237 2403 1357 2502; x_wconf 89' lang='lat' dir='ltr'>postea</span> <span class='ocrx_word' id='word_1_105' title='bbox 1382 2405 1429 2481; x_wconf 53' lang='lat' dir='ltr'>in&gt;</span> 
     </span>
     <span class='ocr_line' id='line_1_15' title="bbox 205 2498 1428 2577; baseline 0.003 -6"><span class='ocrx_word' id='word_1_106' title='bbox 205 2498 287 2574; x_wconf 91' lang='lat' dir='ltr'>hist.</span> <span class='ocrx_word' id='word_1_107' title='bbox 314 2500 462 2574; x_wconf 75' lang='lat' dir='ltr'>Eccles·</span> <span class='ocrx_word' id='word_1_108' title='bbox 481 2498 673 2574; x_wconf 88' lang='lat' dir='ltr'>Christiana</span> <span class='ocrx_word' id='word_1_109' title='bbox 705 2498 961 2577; x_wconf 79' lang='lat' dir='ltr'>demonstrabo</span> <span class='ocrx_word' id='word_1_110' title='bbox 1010 2501 1084 2574; x_wconf 89' lang='lat' dir='ltr'>Hic</span> <span class='ocrx_word' id='word_1_111' title='bbox 1111 2500 1245 2576; x_wconf 78' lang='lat' dir='ltr'>notasse</span> <span class='ocrx_word' id='word_1_112' title='bbox 1276 2499 1428 2575; x_wconf 82' lang='lat' dir='ltr'>suffece-</span> 
     </span>
     <span class='ocr_line' id='line_1_16' title="bbox 205 2594 1424 2693; baseline 0.003 -26"><span class='ocrx_word' id='word_1_113' title='bbox 205 2597 276 2684; x_wconf 83' lang='lat' dir='ltr'>r‘it,</span> <span class='ocrx_word' id='word_1_114' title='bbox 308 2595 410 2670; x_wconf 78' lang='lat' dir='ltr'>simili</span> <span class='ocrx_word' id='word_1_115' title='bbox 435 2595 479 2670; x_wconf 87' lang='lat' dir='ltr'>de</span> <span class='ocrx_word' id='word_1_116' title='bbox 511 2599 610 2671; x_wconf 88' lang='lat' dir='ltr'>causa</span> <span class='ocrx_word' id='word_1_117' title='bbox 632 2596 781 2692; x_wconf 86' lang='lat' dir='ltr'>Judaeos</span> <span class='ocrx_word' id='word_1_118' title='bbox 811 2596 871 2668; x_wconf 91' lang='lat' dir='ltr'>sub</span> <span class='ocrx_word' id='word_1_119' title='bbox 898 2595 1048 2669; x_wconf 87' lang='lat' dir='ltr'>Tiberio</span> <span class='ocrx_word' id='word_1_120' title='bbox 1081 2594 1184 2669; x_wconf 81' lang='lat' dir='ltr'>fuisse</span> <span class='ocrx_word' id='word_1_121' title='bbox 1217 2598 1302 2671; x_wconf 92' lang='lat' dir='ltr'>urbe</span> <span class='ocrx_word' id='word_1_122' title='bbox 1327 2597 1424 2693; x_wconf 78' lang='lat' dir='ltr'>ejec-</span> 
     </span>
     <span class='ocr_line' id='line_1_17' title="bbox 205 2689 1522 2791; baseline 0.007 -26"><span class='ocrx_word' id='word_1_123' title='bbox 205 2700 284 2778; x_wconf 83' lang='lat' dir='ltr'>t&#39;os,</span> <span class='ocrx_word' id='word_1_124' title='bbox 325 2690 395 2791; x_wconf 85' lang='lat' dir='ltr'>Jos.</span> <span class='ocrx_word' id='word_1_125' title='bbox 429 2692 513 2768; x_wconf 85' lang='lat' dir='ltr'><strong>Ant.</strong></span> <span class='ocrx_word' id='word_1_126' title='bbox 546 2693 687 2785; x_wconf 80' lang='lat' dir='ltr'>XVlll:</span> <span class='ocrx_word' id='word_1_127' title='bbox 715 2714 746 2786; x_wconf 79' lang='lat'>3.</span> <span class='ocrx_word' id='word_1_128' title='bbox 795 2690 1066 2790; x_wconf 17' lang='lat' dir='ltr'>Nebulolenim</span> <span class='ocrx_word' id='word_1_129' title='bbox 1098 2689 1219 2785; x_wconf 80' lang='lat' dir='ltr'>aliquis</span> <span class='ocrx_word' id='word_1_130' title='bbox 1251 2692 1431 2788; x_wconf 58' lang='lat' dir='ltr'>Judaeusffi</span> <span class='ocrx_word' id='word_1_131' title='bbox 1514 2765 1522 2774; x_wconf 91' lang='lat'>.</span> 
     </span>
     <span class='ocr_line' id='line_1_18' title="bbox 204 2786 1429 2887; baseline 0.005 -27"><span class='ocrx_word' id='word_1_132' title='bbox 204 2786 320 2885; x_wconf 87' lang='lat' dir='ltr'>patria</span> <span class='ocrx_word' id='word_1_133' title='bbox 340 2792 385 2861; x_wconf 95' lang='lat' dir='ltr'>ob</span> <span class='ocrx_word' id='word_1_134' title='bbox 408 2789 536 2862; x_wconf 85' lang='lat' dir='ltr'>scelera</span> <span class='ocrx_word' id='word_1_135' title='bbox 551 2786 739 2887; x_wconf 86' lang='lat' dir='ltr'>profugus,</span> <span class='ocrx_word' id='word_1_136' title='bbox 764 2789 901 2862; x_wconf 84' lang='lat' dir='ltr'>Romae</span> <span class='ocrx_word' id='word_1_137' title='bbox 919 2787 1150 2885; x_wconf 88' lang='lat' dir='ltr'>interpretem</span> <span class='ocrx_word' id='word_1_138' title='bbox 1166 2788 1273 2886; x_wconf 89' lang='lat' dir='ltr'>Legis</span> <span class='ocrx_word' id='word_1_139' title='bbox 1289 2810 1429 2887; x_wconf 85' lang='lat' dir='ltr'>agens,-</span> 
     </span>
     <span class='ocr_line' id='line_1_19' title="bbox 205 2882 1429 2984; baseline 0.004 -28"><span class='ocrx_word' id='word_1_140' title='bbox 205 2885 369 2975; x_wconf 82' lang='lat' dir='ltr'>Fulviae,</span> <span class='ocrx_word' id='word_1_141' title='bbox 395 2884 505 2977; x_wconf 85' lang='lat' dir='ltr'>nobili</span> <span class='ocrx_word' id='word_1_142' title='bbox 525 2884 722 2975; x_wconf 83' lang='lat' dir='ltr'>foeminae,</span> <span class='ocrx_word' id='word_1_143' title='bbox 747 2884 882 2981; x_wconf 86' lang='lat' dir='ltr'>Legem</span> <span class='ocrx_word' id='word_1_144' title='bbox 900 2882 1095 2957; x_wconf 85' lang='lat' dir='ltr'>Mosaieam</span> <span class='ocrx_word' id='word_1_145' title='bbox 1111 2885 1313 2980; x_wconf 80' lang='lat' dir='ltr'>amplexae,</span> <span class='ocrx_word' id='word_1_146' title='bbox 1340 2911 1429 2984; x_wconf 47' lang='lat' dir='ltr'>perf</span> 
     </span>
    </p>
   </div>
   <div class='ocr_carea' id='block_1_3' title="bbox 202 2978 1432 3436">
    <p class='ocr_par' dir='ltr' id='par_1_3' title="bbox 202 2978 1432 3436">
     <span class='ocr_line' id='line_1_20' title="bbox 203 2978 1422 3082; baseline -0.001 -27"><span class='ocrx_word' id='word_1_147' title='bbox 203 2981 372 3070; x_wconf 83' lang='lat' dir='ltr'>suaserat,</span> <span class='ocrx_word' id='word_1_148' title='bbox 406 3000 448 3053; x_wconf 88' lang='lat' dir='ltr'>ut</span> <span class='ocrx_word' id='word_1_149' title='bbox 468 3004 654 3079; x_wconf 88' lang='lat' dir='ltr'>purpuram</span> <span class='ocrx_word' id='word_1_150' title='bbox 679 2999 715 3052; x_wconf 92' lang='lat' dir='ltr'>et</span> <span class='ocrx_word' id='word_1_151' title='bbox 738 2982 858 3051; x_wconf 82' lang='lat' dir='ltr'>aurum</span> <span class='ocrx_word' id='word_1_152' title='bbox 882 2979 920 3052; x_wconf 89' lang='lat' dir='ltr'>in</span> <span class='ocrx_word' id='word_1_153' title='bbox 946 2980 1038 3052; x_wconf 91' lang='lat' dir='ltr'>Tem</span> <span class='ocrx_word' id='word_1_154' title='bbox 1067 2979 1136 3051; x_wconf 90' lang='lat' dir='ltr'>lum</span> <span class='ocrx_word' id='word_1_155' title='bbox 1160 2978 1422 3082; x_wconf 86' lang='lat' dir='ltr'>Hierosolymi-</span> 
     </span>
     <span class='ocr_line' id='line_1_21' title="bbox 203 3074 1432 3177; baseline 0.005 -27"><span class='ocrx_word' id='word_1_156' title='bbox 203 3099 324 3177; x_wconf 77' lang='lat' dir='ltr'>tanum</span> <span class='ocrx_word' id='word_1_157' title='bbox 341 3075 510 3153; x_wconf 86' lang='lat' dir='ltr'>mitteret.</span> <span class='ocrx_word' id='word_1_158' title='bbox 560 3078 659 3173; x_wconf 83' lang='lat' dir='ltr'>Quae</span> <span class='ocrx_word' id='word_1_159' title='bbox 677 3075 769 3148; x_wconf 90' lang='lat' dir='ltr'>dona</span> <span class='ocrx_word' id='word_1_160' title='bbox 785 3074 888 3172; x_wconf 86' lang='lat' dir='ltr'>ipse,</span> <span class='ocrx_word' id='word_1_161' title='bbox 905 3097 984 3148; x_wconf 85' lang='lat' dir='ltr'>eum</span> <span class='ocrx_word' id='word_1_162' title='bbox 1003 3076 1113 3148; x_wconf 82' lang='lat' dir='ltr'>tribus</span> <span class='ocrx_word' id='word_1_163' title='bbox 1137 3074 1260 3167; x_wconf 83' lang='lat' dir='ltr'>sociis,</span> <span class='ocrx_word' id='word_1_164' title='bbox 1288 3077 1325 3152; x_wconf 89' lang='lat' dir='ltr'>in</span> <span class='ocrx_word' id='word_1_165' title='bbox 1343 3080 1432 3156; x_wconf 78' lang='lat' dir='ltr'>suot·</span> 
     </span>
     <span class='ocr_line' id='line_1_22' title="bbox 202 3172 1431 3269; baseline 0.006 -23"><span class='ocrx_word' id='word_1_166' title='bbox 202 3193 361 3246; x_wconf 85' lang='lat' dir='ltr'>uerterat</span> <span class='ocrx_word' id='word_1_167' title='bbox 387 3172 472 3246; x_wconf 90' lang='lat' dir='ltr'>usus.</span> <span class='ocrx_word' id='word_1_168' title='bbox 520 3176 668 3268; x_wconf 86' lang='lat' dir='ltr'>Propter</span> <span class='ocrx_word' id='word_1_169' title='bbox 691 3173 782 3245; x_wconf 83' lang='lat' dir='ltr'>lianc</span> <span class='ocrx_word' id='word_1_170' title='bbox 814 3191 961 3269; x_wconf 88' lang='lat' dir='ltr'>quatuor</span> <span class='ocrx_word' id='word_1_171' title='bbox 986 3193 1121 3247; x_wconf 90' lang='lat' dir='ltr'>tantum</span> <span class='ocrx_word' id='word_1_172' title='bbox 1147 3172 1334 3247; x_wconf 87' lang='lat' dir='ltr'>hominum</span> <span class='ocrx_word' id='word_1_173' title='bbox 1359 3187 1431 3253; x_wconf 67' lang='lat' dir='ltr'>nevss</span> 
     </span>
     <span class='ocr_line' id='line_1_23' title="bbox 203 3267 1427 3436; baseline -0.002 -94"><span class='ocrx_word' id='word_1_174' title='bbox 203 3267 374 3367; x_wconf 75' lang='lat' dir='ltr'>quitiam,</span> <span class='ocrx_word' id='word_1_175' title='bbox 420 3267 536 3364; x_wconf 91' lang='lat' dir='ltr'>inquit</span> <span class='ocrx_word' id='word_1_176' title='bbox 560 3270 640 3365; x_wconf 87' lang='lat' dir='ltr'>Jose</span> <span class='ocrx_word' id='word_1_177' title='bbox 668 3269 751 3357; x_wconf 82' lang='lat' dir='ltr'>lius,</span> <span class='ocrx_word' id='word_1_178' title='bbox 795 3267 918 3436; x_wconf 54' lang='lat' dir='ltr'>{odaei</span> <span class='ocrx_word' id='word_1_179' title='bbox 942 3269 1020 3341; x_wconf 90' lang='lat' dir='ltr'>sunt</span> <span class='ocrx_word' id='word_1_180' title='bbox 1046 3294 1066 3341; x_wconf 92' lang='lat' dir='ltr'>a</span> <span class='ocrx_word' id='word_1_181' title='bbox 1092 3267 1243 3343; x_wconf 90' lang='lat' dir='ltr'>Tiberio</span> <span class='ocrx_word' id='word_1_182' title='bbox 1268 3270 1427 3344; x_wconf 77' lang='lat' dir='ltr'>civitate¹</span> 
     </span>
    </p>
   </div>
   <div class='ocr_carea' id='block_1_4' title="bbox 201 3363 1432 4710">
    <p class='ocr_par' dir='ltr' id='par_1_4' title="bbox 201 3363 1432 4710">
     <span class='ocr_line' id='line_1_24' title="bbox 202 3363 1430 3472; baseline 0 -32"><span class='ocrx_word' id='word_1_183' title='bbox 202 3364 322 3461; x_wconf 71' lang='lat' dir='ltr'>ejcln.</span> <span class='ocrx_word' id='word_1_184' title='bbox 371 3365 556 3460; x_wconf 84' lang='lat' dir='ltr'>Denique,</span> <span class='ocrx_word' id='word_1_185' title='bbox 581 3384 620 3437; x_wconf 93' lang='lat' dir='ltr'>ut</span> <span class='ocrx_word' id='word_1_186' title='bbox 644 3388 680 3436; x_wconf 81' lang='lat' dir='ltr'>in</span> <span class='ocrx_word' id='word_1_187' title='bbox 706 3367 799 3472; x_wconf 77' lang='lat' dir='ltr'>Baby</span> <span class='ocrx_word' id='word_1_188' title='bbox 814 3363 932 3437; x_wconf 86' lang='lat' dir='ltr'>oniam</span> <span class='ocrx_word' id='word_1_189' title='bbox 956 3364 1184 3451; x_wconf 84' lang='lat' dir='ltr'>transeamus,</span> <span class='ocrx_word' id='word_1_190' title='bbox 1210 3363 1304 3435; x_wconf 84' lang='lat' dir='ltr'>cirea</span> <span class='ocrx_word' id='word_1_191' title='bbox 1323 3364 1430 3440; x_wconf 72' lang='lat' dir='ltr'>idem³</span> 
     </span>
     <span class='ocr_line' id='line_1_25' title="bbox 201 3456 1431 3554; baseline 0.002 -20"><span class='ocrx_word' id='word_1_192' title='bbox 201 3464 280 3535; x_wconf 79' lang='lat' dir='ltr'>fere</span> <span class='ocrx_word' id='word_1_193' title='bbox 314 3480 450 3554; x_wconf 88' lang='lat' dir='ltr'>tempus</span> <span class='ocrx_word' id='word_1_194' title='bbox 483 3483 609 3554; x_wconf 82' lang='lat' dir='ltr'>magna</span> <span class='ocrx_word' id='word_1_195' title='bbox 640 3460 683 3534; x_wconf 79' lang='lat' dir='ltr'>iis</span> <span class='ocrx_word' id='word_1_196' title='bbox 716 3460 846 3549; x_wconf 65' lang='lat' dir='ltr'>accidit</span> <span class='ocrx_word' id='word_1_197' title='bbox 879 3458 945 3535; x_wconf 89' lang='lat' dir='ltr'>illis</span> <span class='ocrx_word' id='word_1_198' title='bbox 976 3457 1014 3531; x_wconf 91' lang='lat' dir='ltr'>in</span> <span class='ocrx_word' id='word_1_199' title='bbox 1044 3456 1131 3532; x_wconf 84' lang='lat' dir='ltr'>locis</span> <span class='ocrx_word' id='word_1_200' title='bbox 1163 3458 1356 3552; x_wconf 81' lang='lat' dir='ltr'>calamitas,</span> <span class='ocrx_word' id='word_1_201' title='bbox 1401 3470 1431 3540; x_wconf 69' lang='lat' dir='ltr'>a*</span> 
     </span>
     <span class='ocr_line' id='line_1_26' title="bbox 202 3553 1431 3656; baseline 0.005 -28"><span class='ocrx_word' id='word_1_202' title='bbox 202 3558 274 3656; x_wconf 84' lang='lat' dir='ltr'>Jos.</span> <span class='ocrx_word' id='word_1_203' title='bbox 303 3558 388 3631; x_wconf 87' lang='lat' dir='ltr'>Ant.</span> <span class='ocrx_word' id='word_1_204' title='bbox 416 3557 555 3630; x_wconf 84' lang='lat' dir='ltr'>XVlll:</span> <span class='ocrx_word' id='word_1_205' title='bbox 581 3579 614 3646; x_wconf 90' lang='lat'>9.</span> <span class='ocrx_word' id='word_1_206' title='bbox 647 3556 839 3651; x_wconf 87' lang='lat' dir='ltr'>descripta,</span> <span class='ocrx_word' id='word_1_207' title='bbox 873 3554 1056 3633; x_wconf 77' lang='lat' dir='ltr'>occasione</span> <span class='ocrx_word' id='word_1_208' title='bbox 1081 3553 1228 3628; x_wconf 90' lang='lat' dir='ltr'>duorum</span> <span class='ocrx_word' id='word_1_209' title='bbox 1253 3555 1431 3651; x_wconf 60' lang='lat' dir='ltr'>fratrum,-</span> 
     </span>
     <span class='ocr_line' id='line_1_27' title="bbox 201 3650 1422 3750; baseline 0 -23"><span class='ocrx_word' id='word_1_210' title='bbox 201 3652 345 3728; x_wconf 82' lang='lat' dir='ltr'>llliuaei</span> <span class='ocrx_word' id='word_1_211' title='bbox 369 3672 407 3724; x_wconf 90' lang='lat' dir='ltr'>et</span> <span class='ocrx_word' id='word_1_212' title='bbox 430 3650 590 3741; x_wconf 81' lang='lat' dir='ltr'>Anilaei3</span> <span class='ocrx_word' id='word_1_213' title='bbox 618 3651 697 3750; x_wconf 91' lang='lat' dir='ltr'>qui,</span> <span class='ocrx_word' id='word_1_214' title='bbox 724 3650 861 3749; x_wconf 86' lang='lat' dir='ltr'>origine</span> <span class='ocrx_word' id='word_1_215' title='bbox 886 3650 1127 3738; x_wconf 89' lang='lat' dir='ltr'>Neardenses,</span> <span class='ocrx_word' id='word_1_216' title='bbox 1151 3651 1311 3726; x_wconf 87' lang='lat' dir='ltr'>velorum</span> <span class='ocrx_word' id='word_1_217' title='bbox 1334 3678 1422 3728; x_wconf 88' lang='lat' dir='ltr'>con·</span> 
     </span>
     <span class='ocr_line' id='line_1_28' title="bbox 201 3745 1420 3845; baseline -0.001 -21"><span class='ocrx_word' id='word_1_218' title='bbox 201 3749 436 3824; x_wconf 78' lang='lat' dir='ltr'>ficiendorum</span> <span class='ocrx_word' id='word_1_219' title='bbox 469 3767 578 3821; x_wconf 84' lang='lat' dir='ltr'>artem</span> <span class='ocrx_word' id='word_1_220' title='bbox 610 3748 845 3836; x_wconf 84' lang='lat' dir='ltr'>addiscentes,</span> <span class='ocrx_word' id='word_1_221' title='bbox 891 3765 928 3819; x_wconf 88' lang='lat' dir='ltr'>et</span> <span class='ocrx_word' id='word_1_222' title='bbox 964 3745 1184 3845; x_wconf 90' lang='lat' dir='ltr'>aMagistro</span> <span class='ocrx_word' id='word_1_223' title='bbox 1217 3750 1420 3841; x_wconf 86' lang='lat' dir='ltr'>verberati,</span> 
     </span>
     <span class='ocr_line' id='line_1_29' title="bbox 201 3842 1427 3952; baseline 0.001 -32"><span class='ocrx_word' id='word_1_224' title='bbox 201 3845 298 3952; x_wconf 77' lang='lat' dir='ltr'>quod</span> <span class='ocrx_word' id='word_1_225' title='bbox 324 3842 528 3934; x_wconf 81' lang='lat' dir='ltr'>tardiuscule</span> <span class='ocrx_word' id='word_1_226' title='bbox 553 3844 748 3936; x_wconf 83' lang='lat' dir='ltr'>veniffent‚</span> <span class='ocrx_word' id='word_1_227' title='bbox 790 3843 860 3917; x_wconf 88' lang='lat' dir='ltr'>levi</span> <span class='ocrx_word' id='word_1_228' title='bbox 886 3842 953 3916; x_wconf 86' lang='lat' dir='ltr'>hac</span> <span class='ocrx_word' id='word_1_229' title='bbox 977 3842 1021 3917; x_wconf 88' lang='lat' dir='ltr'>de</span> <span class='ocrx_word' id='word_1_230' title='bbox 1045 3845 1146 3917; x_wconf 86' lang='lat' dir='ltr'>causa</span> <span class='ocrx_word' id='word_1_231' title='bbox 1168 3867 1262 3920; x_wconf 86' lang='lat' dir='ltr'>arma</span> <span class='ocrx_word' id='word_1_232' title='bbox 1295 3848 1427 3922; x_wconf 78' lang='lat' dir='ltr'>sumse-¹</span> 
     </span>
     <span class='ocr_line' id='line_1_30' title="bbox 202 3938 1429 4038; baseline 0.002 -23"><span class='ocrx_word' id='word_1_233' title='bbox 202 3961 309 4028; x_wconf 90' lang='lat' dir='ltr'>runt,</span> <span class='ocrx_word' id='word_1_234' title='bbox 348 3958 385 4012; x_wconf 90' lang='lat' dir='ltr'>et</span> <span class='ocrx_word' id='word_1_235' title='bbox 407 3941 497 4014; x_wconf 90' lang='lat' dir='ltr'>haud</span> <span class='ocrx_word' id='word_1_236' title='bbox 521 3941 648 4038; x_wconf 78' lang='lat' dir='ltr'>exigua</span> <span class='ocrx_word' id='word_1_237' title='bbox 669 3942 861 4036; x_wconf 82' lang='lat' dir='ltr'>juvenum,</span> <span class='ocrx_word' id='word_1_238' title='bbox 895 3938 938 4011; x_wconf 91' lang='lat' dir='ltr'>ad</span> <span class='ocrx_word' id='word_1_239' title='bbox 965 3939 1154 4036; x_wconf 89' lang='lat' dir='ltr'>egestatem</span> <span class='ocrx_word' id='word_1_240' title='bbox 1178 3942 1429 4035; x_wconf 74' lang='lat' dir='ltr'>redatiorum,&#39;&#39;</span> 
     </span>
     <span class='ocr_line' id='line_1_31' title="bbox 201 4033 1426 4132; baseline -0.002 -19"><span class='ocrx_word' id='word_1_241' title='bbox 201 4039 418 4132; x_wconf 89' lang='lat' dir='ltr'>aliorumque</span> <span class='ocrx_word' id='word_1_242' title='bbox 451 4037 596 4112; x_wconf 76' lang='lat' dir='ltr'>colleila</span> <span class='ocrx_word' id='word_1_243' title='bbox 618 4059 741 4127; x_wconf 88' lang='lat' dir='ltr'>manu,</span> <span class='ocrx_word' id='word_1_244' title='bbox 785 4033 968 4110; x_wconf 83' lang='lat' dir='ltr'>latrocinia</span> <span class='ocrx_word' id='word_1_245' title='bbox 994 4059 1161 4113; x_wconf 86' lang='lat' dir='ltr'>exercere</span> <span class='ocrx_word' id='word_1_246' title='bbox 1201 4046 1426 4132; x_wconf 84' lang='lat' dir='ltr'>coeperunt,</span> 
     </span>
     <span class='ocr_line' id='line_1_32' title="bbox 201 4132 1423 4233; baseline 0.002 -25"><span class='ocrx_word' id='word_1_247' title='bbox 201 4133 294 4221; x_wconf 73' lang='lat' dir='ltr'>adeo</span> <span class='ocrx_word' id='word_1_248' title='bbox 330 4152 370 4204; x_wconf 93' lang='lat' dir='ltr'>ut</span> <span class='ocrx_word' id='word_1_249' title='bbox 403 4152 572 4206; x_wconf 89' lang='lat' dir='ltr'>terrorem</span> <span class='ocrx_word' id='word_1_250' title='bbox 606 4133 876 4231; x_wconf 82' lang='lat' dir='ltr'>quaquaversum</span> <span class='ocrx_word' id='word_1_251' title='bbox 912 4132 1073 4233; x_wconf 87' lang='lat' dir='ltr'>omnibus</span> <span class='ocrx_word' id='word_1_252' title='bbox 1108 4132 1338 4222; x_wconf 83' lang='lat' dir='ltr'>incusserint,</span> <span class='ocrx_word' id='word_1_253' title='bbox 1383 4155 1423 4211; x_wconf 88' lang='lat' dir='ltr'>et</span> 
     </span>
     <span class='ocr_line' id='line_1_33' title="bbox 201 4226 1428 4325; baseline -0.001 -18"><span class='ocrx_word' id='word_1_254' title='bbox 201 4230 411 4307; x_wconf 85' lang='lat' dir='ltr'>Parthorum</span> <span class='ocrx_word' id='word_1_255' title='bbox 439 4253 558 4325; x_wconf 84' lang='lat' dir='ltr'>regem</span> <span class='ocrx_word' id='word_1_256' title='bbox 586 4228 623 4304; x_wconf 89' lang='lat' dir='ltr'>in</span> <span class='ocrx_word' id='word_1_257' title='bbox 648 4226 991 4318; x_wconf 61' lang='lat' dir='ltr'>so&#39;corrcitatrerint:</span> <span class='ocrx_word' id='word_1_258' title='bbox 1027 4248 1147 4305; x_wconf 89' lang='lat' dir='ltr'>contra</span> <span class='ocrx_word' id='word_1_259' title='bbox 1174 4226 1271 4321; x_wconf 87' lang='lat' dir='ltr'>cujus</span> <span class='ocrx_word' id='word_1_260' title='bbox 1296 4231 1428 4306; x_wconf 74' lang='lat' dir='ltr'>duceni</span> 
     </span>
     <span class='ocr_line' id='line_1_34' title="bbox 202 4321 1426 4494; baseline 0 -91"><span class='ocrx_word' id='word_1_261' title='bbox 202 4328 276 4403; x_wconf 82' lang='lat' dir='ltr'>sese</span> <span class='ocrx_word' id='word_1_262' title='bbox 301 4323 445 4494; x_wconf 71' lang='lat' dir='ltr'>egregie</span> <span class='ocrx_word' id='word_1_263' title='bbox 465 4323 546 4399; x_wconf 90' lang='lat' dir='ltr'>tuiti</span> <span class='ocrx_word' id='word_1_264' title='bbox 573 4326 672 4415; x_wconf 89' lang='lat' dir='ltr'>sunt,</span> <span class='ocrx_word' id='word_1_265' title='bbox 698 4327 786 4402; x_wconf 87' lang='lat' dir='ltr'>adeo</span> <span class='ocrx_word' id='word_1_266' title='bbox 810 4345 870 4411; x_wconf 93' lang='lat' dir='ltr'>ut,</span> <span class='ocrx_word' id='word_1_267' title='bbox 898 4324 995 4402; x_wconf 84' lang='lat' dir='ltr'>elale</span> <span class='ocrx_word' id='word_1_268' title='bbox 1018 4326 1085 4423; x_wconf 78' lang='lat' dir='ltr'>ipsi</span> <span class='ocrx_word' id='word_1_269' title='bbox 1102 4321 1259 4411; x_wconf 73' lang='lat' dir='ltr'>inflitla,</span> <span class='ocrx_word' id='word_1_270' title='bbox 1287 4326 1426 4403; x_wconf 82' lang='lat' dir='ltr'>fuerint</span> 
     </span>
     <span class='ocr_line' id='line_1_35' title="bbox 201 4416 1425 4519; baseline -0.003 -20"><span class='ocrx_word' id='word_1_271' title='bbox 201 4422 246 4499; x_wconf 82' lang='lat' dir='ltr'>ab</span> <span class='ocrx_word' id='word_1_272' title='bbox 283 4420 359 4516; x_wconf 91' lang='lat' dir='ltr'>ipo</span> <span class='ocrx_word' id='word_1_273' title='bbox 383 4424 485 4518; x_wconf 84' lang='lat' dir='ltr'>Rege</span> <span class='ocrx_word' id='word_1_274' title='bbox 512 4422 694 4497; x_wconf 89' lang='lat' dir='ltr'>Artabano</span> <span class='ocrx_word' id='word_1_275' title='bbox 727 4423 770 4498; x_wconf 90' lang='lat' dir='ltr'>ad</span> <span class='ocrx_word' id='word_1_276' title='bbox 795 4423 1021 4513; x_wconf 87' lang='lat' dir='ltr'>societatem,</span> <span class='ocrx_word' id='word_1_277' title='bbox 1064 4416 1168 4492; x_wconf 79' lang='lat' dir='ltr'>venia</span> <span class='ocrx_word' id='word_1_278' title='bbox 1204 4418 1285 4519; x_wconf 78' lang='lat' dir='ltr'>ipsis</span> <span class='ocrx_word' id='word_1_279' title='bbox 1319 4422 1425 4511; x_wconf 87' lang='lat' dir='ltr'>data,</span> 
     </span>
     <span class='ocr_line' id='line_1_36' title="bbox 201 4514 1432 4619; baseline 0.002 -26"><span class='ocrx_word' id='word_1_280' title='bbox 201 4518 346 4606; x_wconf 74' lang='lat' dir='ltr'>adtollit.</span> <span class='ocrx_word' id='word_1_281' title='bbox 394 4519 448 4592; x_wconf 81' lang='lat' dir='ltr'>Ea</span> <span class='ocrx_word' id='word_1_282' title='bbox 480 4519 748 4619; x_wconf 71' lang='lat' dir='ltr'>quo-noricas</span> <span class='ocrx_word' id='word_1_283' title='bbox 784 4540 822 4591; x_wconf 87' lang='lat' dir='ltr'>et</span> <span class='ocrx_word' id='word_1_284' title='bbox 847 4514 1014 4613; x_wconf 89' lang='lat' dir='ltr'>potentia·</span> <span class='ocrx_word' id='word_1_285' title='bbox 1041 4538 1165 4591; x_wconf 87' lang='lat' dir='ltr'>eorum</span> <span class='ocrx_word' id='word_1_286' title='bbox 1190 4516 1432 4595; x_wconf 63' lang='lat' dir='ltr'>inistisre,</span> 
     </span>
     <span class='ocr_line' id='line_1_37' title="bbox 202 4610 1425 4710; baseline 0.002 -24"><span class='ocrx_word' id='word_1_287' title='bbox 202 4615 225 4662; x_wconf 40' lang='grc' dir='ltr'>’κ</span> <span class='ocrx_word' id='word_1_288' title='bbox 281 4656 297 4665; x_wconf 89' lang='grc'>-</span> <span class='ocrx_word' id='word_1_289' title='bbox 378 4626 382 4644; x_wconf 84' lang='grc'><strong>“</strong></span> <span class='ocrx_word' id='word_1_290' title='bbox 734 4613 901 4694; x_wconf 82' lang='lat' dir='ltr'>Eeeea</span> <span class='ocrx_word' id='word_1_291' title='bbox 1260 4610 1425 4710; x_wconf 81' lang='lat' dir='ltr'>gionibut</span> 
     </span>
    </p>
   </div>
   <div class='ocr_carea' id='block_1_5' title="bbox 0 0 1792 5884">
    <p class='ocr_par' dir='ltr' id='par_1_5' title="bbox 0 0 1792 5884">
     <span class='ocr_line' id='line_1_38' title="bbox 0 0 1792 5884; baseline 0 0"><span class='ocrx_word' id='word_1_292' title='bbox 0 0 1792 5884; x_wconf 95' lang='lat' dir='ltr'> </span> 
     </span>
    </p>
   </div>
  </div>
 </body>
</html>
