<?xml version="1.0" encoding="UTF-8"?>
<!DOCTYPE html PUBLIC "-//W3C//DTD XHTML 1.0 Transitional//EN"
    "http://www.w3.org/TR/xhtml1/DTD/xhtml1-transitional.dtd">
<html xmlns="http://www.w3.org/1999/xhtml" xml:lang="en" lang="en">
 <head>
  <title>
</title>
<meta http-equiv="Content-Type" content="text/html;charset=utf-8" />
  <meta name='ocr-system' content='tesseract 3.04.00' />
  <meta name='ocr-capabilities' content='ocr_page ocr_carea ocr_par ocr_line ocrx_word'/>
</head>
<body>
  <div class='ocr_page' id='page_1' title='image "./hermannivenemai04venegoog/hermannivenemai04venegoog_0183.png"; bbox 0 0 3575 5884; ppageno 0'>
   <div class='ocr_carea' id='block_1_1' title="bbox 610 1170 1519 1283">
    <p class='ocr_par' dir='ltr' id='par_1_1' title="bbox 610 1170 1519 1283">
     <span class='ocr_line' id='line_1_1' title="bbox 610 1170 1519 1283; baseline -0.003 -29"><span class='ocrx_word' id='word_1_1' title='bbox 610 1260 619 1279; x_wconf 74' lang='lat'>.</span> <span class='ocrx_word' id='word_1_2' title='bbox 722 1174 894 1254; x_wconf 64' lang='lat' dir='ltr'>retrodus</span> <span class='ocrx_word' id='word_1_3' title='bbox 915 1170 1057 1283; x_wconf 69' lang='lat' dir='ltr'>Quinta.</span> <span class='ocrx_word' id='word_1_4' title='bbox 1142 1255 1146 1265; x_wconf 69' lang='grc'>,</span> <span class='ocrx_word' id='word_1_5' title='bbox 1447 1179 1519 1273; x_wconf 73' lang='lat'>169</span> 
     </span>
    </p>
   </div>
   <div class='ocr_carea' id='block_1_2' title="bbox 238 1347 1520 2513">
    <p class='ocr_par' dir='ltr' id='par_1_2' title="bbox 238 1347 1520 1911">
     <span class='ocr_line' id='line_1_2' title="bbox 331 1347 1511 1461; baseline 0.003 -32"><span class='ocrx_word' id='word_1_6' title='bbox 331 1357 392 1445; x_wconf 78' lang='lat' dir='ltr'>rici,</span> <span class='ocrx_word' id='word_1_7' title='bbox 408 1352 459 1433; x_wconf 85' lang='lat' dir='ltr'>alii</span> <span class='ocrx_word' id='word_1_8' title='bbox 482 1356 632 1434; x_wconf 60' lang='lat' dir='ltr'>moralem</span> <span class='ocrx_word' id='word_1_9' title='bbox 677 1354 838 1461; x_wconf 86' lang='lat' dir='ltr'>Quorum</span> <span class='ocrx_word' id='word_1_10' title='bbox 861 1355 905 1434; x_wconf 91' lang='lat' dir='ltr'>ad</span> <span class='ocrx_word' id='word_1_11' title='bbox 926 1358 999 1432; x_wconf 82' lang='lat' dir='ltr'><em>illos</em></span> <span class='ocrx_word' id='word_1_12' title='bbox 1021 1352 1198 1457; x_wconf 85' lang='lat' dir='ltr'>pertiuet,</span> <span class='ocrx_word' id='word_1_13' title='bbox 1234 1374 1266 1430; x_wconf 91' lang='lat'>1.</span> <span class='ocrx_word' id='word_1_14' title='bbox 1290 1347 1344 1430; x_wconf 71' lang='lat' dir='ltr'>de‘</span> <span class='ocrx_word' id='word_1_15' title='bbox 1359 1349 1449 1430; x_wconf 88' lang='lat' dir='ltr'>statu</span> <span class='ocrx_word' id='word_1_16' title='bbox 1471 1370 1511 1433; x_wconf 89' lang='lat' dir='ltr'>et</span> 
     </span>
     <span class='ocr_line' id='line_1_3' title="bbox 327 1451 1519 1553; baseline 0.003 -29"><span class='ocrx_word' id='word_1_17' title='bbox 327 1452 393 1525; x_wconf 79' lang='lat' dir='ltr'>satia</span> <span class='ocrx_word' id='word_1_18' title='bbox 417 1454 609 1529; x_wconf 80' lang='lat' dir='ltr'>vicinarum</span> <span class='ocrx_word' id='word_1_19' title='bbox 630 1455 791 1553; x_wconf 82' lang='lat' dir='ltr'>gentium</span> <span class='ocrx_word' id='word_1_20' title='bbox 819 1455 929 1529; x_wconf 89' lang='lat' dir='ltr'>multa</span> <span class='ocrx_word' id='word_1_21' title='bbox 966 1452 1051 1527; x_wconf 90' lang='lat' dir='ltr'>hinc</span> <span class='ocrx_word' id='word_1_22' title='bbox 1081 1452 1158 1551; x_wconf 91' lang='lat' dir='ltr'>peti</span> <span class='ocrx_word' id='word_1_23' title='bbox 1189 1451 1287 1549; x_wconf 84' lang='lat' dir='ltr'>poffe</span> <span class='ocrx_word' id='word_1_24' title='bbox 1311 1475 1375 1527; x_wconf 83' lang='lat' dir='ltr'>er.</span> <span class='ocrx_word' id='word_1_25' title='bbox 1398 1476 1451 1550; x_wconf 87' lang='lat' dir='ltr'>gr.</span> <span class='ocrx_word' id='word_1_26' title='bbox 1475 1475 1519 1529; x_wconf 89' lang='lat' dir='ltr'>c.-</span> 
     </span>
     <span class='ocr_line' id='line_1_4' title="bbox 321 1546 1520 1661; baseline 0.004 -42"><span class='ocrx_word' id='word_1_27' title='bbox 321 1546 346 1637; x_wconf 74' lang='lat'>1,</span> <span class='ocrx_word' id='word_1_28' title='bbox 367 1550 395 1622; x_wconf 83' lang='lat' dir='ltr'>h</span> <span class='ocrx_word' id='word_1_29' title='bbox 413 1570 448 1624; x_wconf 90' lang='lat' dir='ltr'>et</span> <span class='ocrx_word' id='word_1_30' title='bbox 470 1552 533 1624; x_wconf 81' lang='lat' dir='ltr'>IX:</span> <span class='ocrx_word' id='word_1_31' title='bbox 557 1572 593 1661; x_wconf 76' lang='lat'>7.</span> <span class='ocrx_word' id='word_1_32' title='bbox 644 1572 677 1627; x_wconf 82' lang='lat'>2.</span> <span class='ocrx_word' id='word_1_33' title='bbox 700 1548 1002 1649; x_wconf 85' lang='lat' dir='ltr'>Corruptiffimam</span> <span class='ocrx_word' id='word_1_34' title='bbox 1024 1549 1323 1645; x_wconf 85' lang='lat' dir='ltr'>Ephraimitarum</span> <span class='ocrx_word' id='word_1_35' title='bbox 1355 1547 1520 1637; x_wconf 60' lang='lat' dir='ltr'>conditi-2</span> 
     </span>
     <span class='ocr_line' id='line_1_5' title="bbox 319 1644 1520 1756; baseline 0.007 -39"><span class='ocrx_word' id='word_1_36' title='bbox 319 1644 665 1735; x_wconf 74' lang='lat' dir='ltr'>onem,·etcr1mina</span> <span class='ocrx_word' id='word_1_37' title='bbox 685 1644 902 1745; x_wconf 79' lang='lat' dir='ltr'>gmss&#39;antia‚·</span> <span class='ocrx_word' id='word_1_38' title='bbox 925 1665 1088 1743; x_wconf 89' lang='lat' dir='ltr'>tempore</span> <span class='ocrx_word' id='word_1_39' title='bbox 1111 1644 1314 1756; x_wconf 88' lang='lat' dir='ltr'>Jeroboami</span> <span class='ocrx_word' id='word_1_40' title='bbox 1338 1647 1407 1736; x_wconf 90' lang='grc' dir='ltr'><strong>ΙΙ.,</strong></span> <span class='ocrx_word' id='word_1_41' title='bbox 1440 1668 1520 1742; x_wconf 68' lang='lat' dir='ltr'>qum</span> 
     </span>
     <span class='ocr_line' id='line_1_6' title="bbox 238 1738 1511 1911; baseline 0.002 -97"><span class='ocrx_word' id='word_1_42' title='bbox 238 1826 240 1839; x_wconf 37' lang='grc' dir='ltr'>Ι</span> <span class='ocrx_word' id='word_1_43' title='bbox 314 1750 445 1843; x_wconf 66' lang='lat' dir='ltr'>regnum</span> <span class='ocrx_word' id='word_1_44' title='bbox 475 1740 696 1911; x_wconf 56' lang='lat' dir='ltr'>sumnpppere</span> <span class='ocrx_word' id='word_1_45' title='bbox 724 1742 874 1834; x_wconf 87' lang='lat' dir='ltr'>floruit,</span> <span class='ocrx_word' id='word_1_46' title='bbox 913 1742 1008 1817; x_wconf 79' lang='lat' dir='ltr'>vivia</span> <span class='ocrx_word' id='word_1_47' title='bbox 1039 1740 1186 1840; x_wconf 87' lang='lat' dir='ltr'>deprngi</span> <span class='ocrx_word' id='word_1_48' title='bbox 1217 1738 1404 1818; x_wconf 83' lang='lat' dir='ltr'>coloribus.</span> <span class='ocrx_word' id='word_1_49' title='bbox 1450 1740 1511 1817; x_wconf 83' lang='lat' dir='ltr'>Ad</span> 
     </span>
    </p>

    <p class='ocr_par' dir='ltr' id='par_1_3' title="bbox 291 1837 1513 2513">
     <span class='ocr_line' id='line_1_7' title="bbox 309 1837 1510 1939; baseline 0.004 -31"><span class='ocrx_word' id='word_1_50' title='bbox 309 1840 432 1910; x_wconf 80' lang='lat' dir='ltr'>morales</span> <span class='ocrx_word' id='word_1_51' title='bbox 452 1860 543 1913; x_wconf 89' lang='lat' dir='ltr'>vero</span> <span class='ocrx_word' id='word_1_52' title='bbox 605 1862 645 1911; x_wconf 77' lang='lat' dir='ltr'>ur</span> <span class='ocrx_word' id='word_1_53' title='bbox 666 1837 793 1913; x_wconf 85' lang='lat' dir='ltr'>referri</span> <span class='ocrx_word' id='word_1_54' title='bbox 813 1839 968 1939; x_wconf 80' lang='lat' dir='ltr'>poterit,</span> <span class='ocrx_word' id='word_1_55' title='bbox 999 1840 1094 1936; x_wconf 90' lang='lat' dir='ltr'>quod</span> <span class='ocrx_word' id='word_1_56' title='bbox 1108 1838 1202 1925; x_wconf 65' lang='lat' dir='ltr'>,hinc</span> <span class='ocrx_word' id='word_1_57' title='bbox 1224 1837 1357 1911; x_wconf 88' lang='lat' dir='ltr'>discere</span> <span class='ocrx_word' id='word_1_58' title='bbox 1379 1838 1510 1931; x_wconf 86' lang='lat' dir='ltr'>liceat,</span> 
     </span>
     <span class='ocr_line' id='line_1_8' title="bbox 308 1932 1513 2033; baseline 0.003 -28"><span class='ocrx_word' id='word_1_59' title='bbox 308 1954 336 2009; x_wconf 87' lang='lat' dir='ltr'>r.</span> <span class='ocrx_word' id='word_1_60' title='bbox 358 1956 444 2029; x_wconf 86' lang='lat' dir='ltr'>quae</span> <span class='ocrx_word' id='word_1_61' title='bbox 473 1932 624 2009; x_wconf 88' lang='lat' dir='ltr'>crimina</span> <span class='ocrx_word' id='word_1_62' title='bbox 648 1933 822 2033; x_wconf 85' lang='lat' dir='ltr'>judicium</span> <span class='ocrx_word' id='word_1_63' title='bbox 843 1933 917 2009; x_wconf 88' lang='lat' dir='ltr'>Dei</span> <span class='ocrx_word' id='word_1_64' title='bbox 972 1954 1143 2010; x_wconf 83' lang='lat' dir='ltr'>rovocare</span> <span class='ocrx_word' id='word_1_65' title='bbox 1174 1933 1305 2009; x_wconf 90' lang='lat' dir='ltr'>soleant</span> <span class='ocrx_word' id='word_1_66' title='bbox 1336 1932 1373 2007; x_wconf 91' lang='lat' dir='ltr'>in</span> <span class='ocrx_word' id='word_1_67' title='bbox 1396 1959 1513 2033; x_wconf 89' lang='lat' dir='ltr'>popu·.</span> 
     </span>
     <span class='ocr_line' id='line_1_9' title="bbox 301 2027 1509 2129; baseline 0.003 -27"><span class='ocrx_word' id='word_1_68' title='bbox 301 2031 387 2119; x_wconf 79' lang='lat' dir='ltr'>lum,</span> <span class='ocrx_word' id='word_1_69' title='bbox 418 2048 455 2103; x_wconf 86' lang='lat' dir='ltr'>et</span> <span class='ocrx_word' id='word_1_70' title='bbox 476 2050 636 2129; x_wconf 83' lang='lat' dir='ltr'>regnum.</span> <span class='ocrx_word' id='word_1_71' title='bbox 686 2053 720 2105; x_wconf 84' lang='lat'>2.</span> <span class='ocrx_word' id='word_1_72' title='bbox 743 2030 925 2129; x_wconf 85' lang='lat' dir='ltr'>Judicium</span> <span class='ocrx_word' id='word_1_73' title='bbox 986 2030 1020 2104; x_wconf 88' lang='lat' dir='ltr'>ei</span> <span class='ocrx_word' id='word_1_74' title='bbox 1044 2029 1180 2128; x_wconf 88' lang='lat' dir='ltr'>semper</span> <span class='ocrx_word' id='word_1_75' title='bbox 1211 2027 1352 2128; x_wconf 83' lang='lat' dir='ltr'>gravius</span> <span class='ocrx_word' id='word_1_76' title='bbox 1374 2030 1509 2106; x_wconf 90' lang='lat' dir='ltr'>incum-</span> 
     </span>
     <span class='ocr_line' id='line_1_10' title="bbox 300 2122 1511 2225; baseline 0.003 -26"><span class='ocrx_word' id='word_1_77' title='bbox 300 2127 380 2199; x_wconf 83' lang='lat' dir='ltr'>bere</span> <span class='ocrx_word' id='word_1_78' title='bbox 400 2126 555 2223; x_wconf 88' lang='lat' dir='ltr'>populo,</span> <span class='ocrx_word' id='word_1_79' title='bbox 580 2126 656 2223; x_wconf 88' lang='lat' dir='ltr'>·qui</span> <span class='ocrx_word' id='word_1_80' title='bbox 678 2124 870 2225; x_wconf 84' lang='lat' dir='ltr'>insrgnibus</span> <span class='ocrx_word' id='word_1_81' title='bbox 893 2126 1097 2215; x_wconf 82' lang='lat' dir='ltr'>beneficiis,</span> <span class='ocrx_word' id='word_1_82' title='bbox 1136 2126 1175 2200; x_wconf 90' lang='lat' dir='ltr'>in</span> <span class='ocrx_word' id='word_1_83' title='bbox 1197 2122 1315 2222; x_wconf 90' lang='lat' dir='ltr'>specie</span> <span class='ocrx_word' id='word_1_84' title='bbox 1338 2128 1449 2198; x_wconf 85' lang='lat' dir='ltr'>verbo</span> <span class='ocrx_word' id='word_1_85' title='bbox 1471 2146 1511 2203; x_wconf 87' lang='lat' dir='ltr'>et</span> 
     </span>
     <span class='ocr_line' id='line_1_11' title="bbox 295 2220 1511 2315; baseline 0.002 -21"><span class='ocrx_word' id='word_1_86' title='bbox 295 2220 512 2296; x_wconf 80' lang='lat' dir='ltr'>&#39;revelatione</span> <span class='ocrx_word' id='word_1_87' title='bbox 526 2220 621 2311; x_wconf 86' lang='lat' dir='ltr'>Dei,</span> <span class='ocrx_word' id='word_1_88' title='bbox 643 2220 695 2297; x_wconf 87' lang='lat' dir='ltr'>est</span> <span class='ocrx_word' id='word_1_89' title='bbox 716 2225 910 2301; x_wconf 78' lang='lat' dir='ltr'>cumulatur</span> <span class='ocrx_word' id='word_1_90' title='bbox 933 2239 971 2296; x_wconf 90' lang='lat' dir='ltr'>et</span> <span class='ocrx_word' id='word_1_91' title='bbox 988 2239 1140 2296; x_wconf 89' lang='lat' dir='ltr'>ornatus.</span> <span class='ocrx_word' id='word_1_92' title='bbox 1213 2276 1222 2295; x_wconf 94' lang='lat'><strong>.</strong></span> <span class='ocrx_word' id='word_1_93' title='bbox 1247 2220 1363 2309; x_wconf 86' lang='lat' dir='ltr'>Mala,</span> <span class='ocrx_word' id='word_1_94' title='bbox 1387 2221 1511 2315; x_wconf 76' lang='lat' dir='ltr'>quibua</span> 
     </span>
     <span class='ocr_line' id='line_1_12' title="bbox 292 2245 1511 2488; baseline -0.001 -96"><span class='ocrx_word' id='word_1_95' title='bbox 292 2316 459 2427; x_wconf 78' lang='lat' dir='ltr'>populus,</span> <span class='ocrx_word' id='word_1_96' title='bbox 484 2340 553 2417; x_wconf 82' lang='lat' dir='ltr'>qua</span> <span class='ocrx_word' id='word_1_97' title='bbox 573 2317 671 2409; x_wconf 81' lang='lat' dir='ltr'>tulis,</span> <span class='ocrx_word' id='word_1_98' title='bbox 702 2318 903 2488; x_wconf 66' lang='lat' dir='ltr'>adflipitur,</span> <span class='ocrx_word' id='word_1_99' title='bbox 926 2340 948 2392; x_wconf 86' lang='lat' dir='ltr'>a</span> <span class='ocrx_word' id='word_1_100' title='bbox 970 2318 1073 2409; x_wconf 91' lang='lat' dir='ltr'>Deo,</span> <span class='ocrx_word' id='word_1_101' title='bbox 1098 2340 1165 2414; x_wconf 92' lang='lat' dir='ltr'>qua</span> <span class='ocrx_word' id='word_1_102' title='bbox 1188 2245 1345 2391; x_wconf 60' lang='lat' dir='ltr'>hectore</span> <span class='ocrx_word' id='word_1_103' title='bbox 1368 2317 1511 2407; x_wconf 85' lang='lat' dir='ltr'>mundi,</span> 
     </span>
     <span class='ocr_line' id='line_1_13' title="bbox 291 2411 1511 2513; baseline 0 -27"><span class='ocrx_word' id='word_1_104' title='bbox 291 2436 336 2486; x_wconf 89' lang='lat' dir='ltr'>or</span> <span class='ocrx_word' id='word_1_105' title='bbox 375 2412 473 2488; x_wconf 85' lang='lat' dir='ltr'>&#39;ern</span> <span class='ocrx_word' id='word_1_106' title='bbox 504 2432 690 2513; x_wconf 89' lang='lat' dir='ltr'>repetere,</span> <span class='ocrx_word' id='word_1_107' title='bbox 714 2436 746 2491; x_wconf 89' lang='lat' dir='ltr'>c.</span> <span class='ocrx_word' id='word_1_108' title='bbox 769 2416 836 2489; x_wconf 86' lang='lat'>11:</span> <span class='ocrx_word' id='word_1_109' title='bbox 861 2420 895 2492; x_wconf 89' lang='lat'>6.</span> <span class='ocrx_word' id='word_1_110' title='bbox 920 2430 959 2489; x_wconf 89' lang='lat' dir='ltr'>et</span> <span class='ocrx_word' id='word_1_111' title='bbox 980 2416 1050 2491; x_wconf 85' lang='lat' dir='ltr'>IV.</span> <span class='ocrx_word' id='word_1_112' title='bbox 1075 2436 1118 2487; x_wconf 92' lang='lat' dir='ltr'>ac</span> <span class='ocrx_word' id='word_1_113' title='bbox 1140 2436 1186 2487; x_wconf 91' lang='lat' dir='ltr'>eo</span> <span class='ocrx_word' id='word_1_114' title='bbox 1209 2411 1375 2501; x_wconf 88' lang='lat' dir='ltr'>tendere,</span> <span class='ocrx_word' id='word_1_115' title='bbox 1400 2430 1511 2486; x_wconf 71' lang='lat' dir='ltr'>utre·</span> 
     </span>
    </p>
   </div>
   <div class='ocr_carea' id='block_1_3' title="bbox 286 2506 1509 3086">
    <p class='ocr_par' dir='ltr' id='par_1_4' title="bbox 288 2506 1509 2791">
     <span class='ocr_line' id='line_1_14' title="bbox 289 2506 1509 2607; baseline -0.002 -24"><span class='ocrx_word' id='word_1_116' title='bbox 289 2506 360 2607; x_wconf 77' lang='lat' dir='ltr'>supr</span> <span class='ocrx_word' id='word_1_117' title='bbox 375 2529 474 2601; x_wconf 84' lang='lat' dir='ltr'>cant,</span> <span class='ocrx_word' id='word_1_118' title='bbox 506 2529 545 2583; x_wconf 90' lang='lat' dir='ltr'>et</span> <span class='ocrx_word' id='word_1_119' title='bbox 564 2507 738 2605; x_wconf 76' lang='lat' dir='ltr'>justitiam</span> <span class='ocrx_word' id='word_1_120' title='bbox 759 2510 894 2585; x_wconf 84' lang='lat' dir='ltr'>discant</span> <span class='ocrx_word' id='word_1_121' title='bbox 917 2510 1055 2593; x_wconf 79' lang='lat' dir='ltr'>incolae</span> <span class='ocrx_word' id='word_1_122' title='bbox 1078 2528 1214 2597; x_wconf 89' lang='lat' dir='ltr'>terrae;</span> <span class='ocrx_word' id='word_1_123' title='bbox 1252 2508 1367 2598; x_wconf 78' lang='lat' dir='ltr'>famul,</span> <span class='ocrx_word' id='word_1_124' title='bbox 1399 2507 1509 2595; x_wconf 85' lang='lat' dir='ltr'>inter-¹</span> 
     </span>
     <span class='ocr_line' id='line_1_15' title="bbox 289 2602 1506 2704; baseline 0.002 -25"><span class='ocrx_word' id='word_1_125' title='bbox 289 2602 461 2679; x_wconf 79' lang='lat' dir='ltr'>veniente</span> <span class='ocrx_word' id='word_1_126' title='bbox 476 2604 742 2704; x_wconf 80' lang='lat' dir='ltr'>resupiscentia,</span> <span class='ocrx_word' id='word_1_127' title='bbox 766 2628 847 2682; x_wconf 87' lang='lat' dir='ltr'>cum</span> <span class='ocrx_word' id='word_1_128' title='bbox 870 2606 975 2683; x_wconf 86' lang='lat' dir='ltr'>bonis</span> <span class='ocrx_word' id='word_1_129' title='bbox 998 2603 1229 2694; x_wconf 89' lang='lat' dir='ltr'>commutari,</span> <span class='ocrx_word' id='word_1_130' title='bbox 1252 2628 1319 2701; x_wconf 92' lang='lat' dir='ltr'>pro</span> <span class='ocrx_word' id='word_1_131' title='bbox 1343 2604 1506 2703; x_wconf 75' lang='lat' dir='ltr'>fingulari</span> 
     </span>
     <span class='ocr_line' id='line_1_16' title="bbox 288 2699 879 2791; baseline 0.005 -16"><span class='ocrx_word' id='word_1_132' title='bbox 288 2700 369 2775; x_wconf 89' lang='lat' dir='ltr'>Dei</span> <span class='ocrx_word' id='word_1_133' title='bbox 393 2699 576 2791; x_wconf 88' lang='lat' dir='ltr'>bonitate,</span> <span class='ocrx_word' id='word_1_134' title='bbox 601 2701 731 2776; x_wconf 86' lang='lat' dir='ltr'>solere:</span> <span class='ocrx_word' id='word_1_135' title='bbox 756 2725 788 2779; x_wconf 88' lang='lat' dir='ltr'>c.</span> <span class='ocrx_word' id='word_1_136' title='bbox 816 2702 879 2779; x_wconf 89' lang='lat' dir='ltr'>IX.</span> 
     </span>
    </p>

    <p class='ocr_par' dir='ltr' id='par_1_5' title="bbox 286 2792 1508 3086">
     <span class='ocr_line' id='line_1_17' title="bbox 331 2792 1503 2897; baseline -0.002 -27"><span class='ocrx_word' id='word_1_137' title='bbox 331 2794 366 2897; x_wconf 59' lang='lat'>5.</span> <span class='ocrx_word' id='word_1_138' title='bbox 383 2797 542 2873; x_wconf 84' lang='lat' dir='ltr'><strong>CLXXI.</strong></span> <span class='ocrx_word' id='word_1_139' title='bbox 568 2797 777 2890; x_wconf 86' lang='lat' dir='ltr'>HOSEAS,</span> <span class='ocrx_word' id='word_1_140' title='bbox 801 2798 914 2874; x_wconf 85' lang='lat' dir='ltr'>Hebr.</span> <span class='ocrx_word' id='word_1_141' title='bbox 930 2798 1032 2879; x_wconf 63' lang='grc' dir='ltr'>ΜΠ</span> <span class='ocrx_word' id='word_1_142' title='bbox 1050 2795 1111 2871; x_wconf 90' lang='lat' dir='ltr'>Gr.</span> <span class='ocrx_word' id='word_1_143' title='bbox 1129 2792 1202 2877; x_wconf 58' lang='lat' dir='ltr'>aar</span> <span class='ocrx_word' id='word_1_144' title='bbox 1219 2797 1295 2868; x_wconf 86' lang='lat' dir='ltr'>Lat.</span> <span class='ocrx_word' id='word_1_145' title='bbox 1316 2793 1417 2888; x_wconf 86' lang='lat' dir='ltr'>Osee,</span> <span class='ocrx_word' id='word_1_146' title='bbox 1444 2797 1503 2873; x_wconf 85' lang='lat' dir='ltr'>vel</span> 
     </span>
     <span class='ocr_line' id='line_1_18' title="bbox 286 2890 1508 3086; baseline 0.001 -120"><span class='ocrx_word' id='word_1_147' title='bbox 286 2912 333 2966; x_wconf 89' lang='lat' dir='ltr'>ut</span> <span class='ocrx_word' id='word_1_148' title='bbox 358 2912 433 2965; x_wconf 82' lang='lat' dir='ltr'>tem</span> <span class='ocrx_word' id='word_1_149' title='bbox 459 2914 520 2965; x_wconf 87' lang='lat' dir='ltr'>ore</span> <span class='ocrx_word' id='word_1_150' title='bbox 542 2891 782 2990; x_wconf 85' lang='lat' dir='ltr'>Hieronymi,</span> <span class='ocrx_word' id='word_1_151' title='bbox 791 2891 881 3086; x_wconf 44' lang='lat' dir='ltr'>ipso</span> <span class='ocrx_word' id='word_1_152' title='bbox 905 2912 1074 2981; x_wconf 88' lang='lat' dir='ltr'>notante,</span> <span class='ocrx_word' id='word_1_153' title='bbox 1107 2890 1145 2967; x_wconf 90' lang='lat' dir='ltr'>in</span> <span class='ocrx_word' id='word_1_154' title='bbox 1169 2891 1359 2965; x_wconf 84' lang='lat' dir='ltr'>Codicibus</span> <span class='ocrx_word' id='word_1_155' title='bbox 1383 2891 1445 2967; x_wconf 88' lang='lat' dir='ltr'>Gr.</span> <span class='ocrx_word' id='word_1_156' title='bbox 1470 2910 1508 2969; x_wconf 91' lang='lat' dir='ltr'>et</span> 
     </span>
    </p>
   </div>
   <div class='ocr_carea' id='block_1_4' title="bbox 277 2986 1605 4804">
    <p class='ocr_par' dir='ltr' id='par_1_6' title="bbox 277 2986 1605 4716">
     <span class='ocr_line' id='line_1_19' title="bbox 286 2986 1510 3087; baseline 0 -28"><span class='ocrx_word' id='word_1_157' title='bbox 286 2986 432 3061; x_wconf 72' lang='lat' dir='ltr'>Laude</span> <span class='ocrx_word' id='word_1_158' title='bbox 544 2987 634 3079; x_wconf 84' lang='lat' dir='ltr'>fuit,</span> <span class='ocrx_word' id='word_1_159' title='bbox 656 2987 733 3063; x_wconf 67' lang='lat' dir='ltr'>ruri</span> <span class='ocrx_word' id='word_1_160' title='bbox 757 3013 799 3062; x_wconf 88' lang='lat' dir='ltr'>uu</span> <span class='ocrx_word' id='word_1_161' title='bbox 817 3014 853 3079; x_wconf 82' lang='lat' dir='ltr'>r,</span> <span class='ocrx_word' id='word_1_162' title='bbox 877 3012 944 3087; x_wconf 94' lang='lat' dir='ltr'>pro</span> <span class='ocrx_word' id='word_1_163' title='bbox 967 2986 1104 3062; x_wconf 89' lang='lat' dir='ltr'>diversa</span> <span class='ocrx_word' id='word_1_164' title='bbox 1127 2987 1267 3061; x_wconf 84' lang='lat' dir='ltr'>litterae</span> <span class='ocrx_word' id='word_1_165' title='bbox 1296 2992 1311 3059; x_wconf 77' lang='grc'>1</span> <span class='ocrx_word' id='word_1_166' title='bbox 1341 3012 1404 3060; x_wconf 78' lang='lat' dir='ltr'>rau</span> <span class='ocrx_word' id='word_1_167' title='bbox 1427 3009 1510 3084; x_wconf 87' lang='lat' dir='ltr'>pro·</span> 
     </span>
     <span class='ocr_line' id='line_1_20' title="bbox 285 3080 1498 3184; baseline -0.002 -26"><span class='ocrx_word' id='word_1_168' title='bbox 285 3080 540 3173; x_wconf 85' lang='lat' dir='ltr'>nunciatione,</span> <span class='ocrx_word' id='word_1_169' title='bbox 572 3086 630 3158; x_wconf 86' lang='lat' dir='ltr'>vel</span> <span class='ocrx_word' id='word_1_170' title='bbox 653 3108 718 3181; x_wconf 84' lang='lat' dir='ltr'>per</span> <span class='ocrx_word' id='word_1_171' title='bbox 739 3114 765 3154; x_wconf 74' lang='lat' dir='ltr'>u</span> <span class='ocrx_word' id='word_1_172' title='bbox 787 3087 844 3158; x_wconf 87' lang='lat' dir='ltr'>vel</span> <span class='ocrx_word' id='word_1_173' title='bbox 868 3108 932 3184; x_wconf 90' lang='lat' dir='ltr'>per</span> <span class='ocrx_word' id='word_1_174' title='bbox 953 3114 1006 3169; x_wconf 70' lang='lat' dir='ltr'>m,</span> <span class='ocrx_word' id='word_1_175' title='bbox 1031 3082 1254 3178; x_wconf 78' lang='lat' dir='ltr'>seruatorem,</span> <span class='ocrx_word' id='word_1_176' title='bbox 1279 3102 1356 3172; x_wconf 87' lang='lat' dir='ltr'>aut,</span> <span class='ocrx_word' id='word_1_177' title='bbox 1381 3082 1498 3180; x_wconf 80' lang='lat' dir='ltr'>supro</span> 
     </span>
     <span class='ocr_line' id='line_1_21' title="bbox 284 3178 1509 3280; baseline 0 -25"><span class='ocrx_word' id='word_1_178' title='bbox 284 3179 442 3277; x_wconf 83' lang='lat' dir='ltr'>inperat.</span> <span class='ocrx_word' id='word_1_179' title='bbox 468 3179 657 3270; x_wconf 88' lang='lat' dir='ltr'>habeatur,</span> <span class='ocrx_word' id='word_1_180' title='bbox 671 3178 793 3276; x_wconf 77' lang='lat' dir='ltr'>serra,</span> <span class='ocrx_word' id='word_1_181' title='bbox 818 3181 974 3280; x_wconf 86' lang='lat' dir='ltr'>fignans,</span> <span class='ocrx_word' id='word_1_182' title='bbox 998 3183 1069 3252; x_wconf 88' lang='lat' dir='ltr'>hoc</span> <span class='ocrx_word' id='word_1_183' title='bbox 1092 3201 1223 3253; x_wconf 91' lang='lat' dir='ltr'>nomen</span> <span class='ocrx_word' id='word_1_184' title='bbox 1246 3179 1387 3253; x_wconf 88' lang='lat' dir='ltr'>videtur</span> <span class='ocrx_word' id='word_1_185' title='bbox 1411 3180 1509 3255; x_wconf 85' lang='lat' dir='ltr'>aPa·</span> 
     </span>
     <span class='ocr_line' id='line_1_22' title="bbox 284 3274 1509 3374; baseline -0.001 -23"><span class='ocrx_word' id='word_1_186' title='bbox 284 3274 448 3351; x_wconf 79' lang='lat' dir='ltr'>rentibus</span> <span class='ocrx_word' id='word_1_187' title='bbox 479 3296 563 3349; x_wconf 88' lang='lat' dir='ltr'>acce</span> <span class='ocrx_word' id='word_1_188' title='bbox 590 3275 652 3349; x_wconf 83' lang='lat' dir='ltr'>iffe</span> <span class='ocrx_word' id='word_1_189' title='bbox 683 3299 728 3350; x_wconf 85' lang='lat' dir='ltr'>ex</span> <span class='ocrx_word' id='word_1_190' title='bbox 759 3296 868 3369; x_wconf 90' lang='lat' dir='ltr'>voto,</span> <span class='ocrx_word' id='word_1_191' title='bbox 908 3302 978 3374; x_wconf 90' lang='lat' dir='ltr'>quo</span> <span class='ocrx_word' id='word_1_192' title='bbox 1011 3275 1085 3347; x_wconf 89' lang='lat' dir='ltr'>filio</span> <span class='ocrx_word' id='word_1_193' title='bbox 1115 3275 1257 3349; x_wconf 84' lang='lat' dir='ltr'>suerunt</span> <span class='ocrx_word' id='word_1_194' title='bbox 1280 3275 1509 3372; x_wconf 84' lang='lat' dir='ltr'>omnigenam</span> 
     </span>
     <span class='ocr_line' id='line_1_23' title="bbox 284 3370 1507 3469; baseline -0.002 -23"><span class='ocrx_word' id='word_1_195' title='bbox 284 3371 434 3446; x_wconf 81' lang='lat' dir='ltr'>salutem</span> <span class='ocrx_word' id='word_1_196' title='bbox 458 3370 608 3445; x_wconf 89' lang='lat' dir='ltr'>Dommi</span> <span class='ocrx_word' id='word_1_197' title='bbox 633 3371 831 3469; x_wconf 86' lang='lat' dir='ltr'>adprecati,</span> <span class='ocrx_word' id='word_1_198' title='bbox 856 3370 908 3447; x_wconf 90' lang='lat' dir='ltr'>uti</span> <span class='ocrx_word' id='word_1_199' title='bbox 933 3372 971 3445; x_wconf 89' lang='lat' dir='ltr'>in</span> <span class='ocrx_word' id='word_1_200' title='bbox 995 3371 1154 3467; x_wconf 81' lang='lat' dir='ltr'>Bereclrja</span> <span class='ocrx_word' id='word_1_201' title='bbox 1179 3370 1365 3445; x_wconf 89' lang='lat' dir='ltr'>benedicat</span> <span class='ocrx_word' id='word_1_202' title='bbox 1381 3373 1507 3444; x_wconf 87' lang='lat' dir='ltr'>Domi·</span> 
     </span>
     <span class='ocr_line' id='line_1_24' title="bbox 284 3464 1509 3565; baseline 0 -24"><span class='ocrx_word' id='word_1_203' title='bbox 284 3466 372 3559; x_wconf 83' lang='lat' dir='ltr'>nus,</span> <span class='ocrx_word' id='word_1_204' title='bbox 414 3465 474 3564; x_wconf 90' lang='lat' dir='ltr'>qui</span> <span class='ocrx_word' id='word_1_205' title='bbox 506 3465 575 3541; x_wconf 90' lang='lat' dir='ltr'>fuit</span> <span class='ocrx_word' id='word_1_206' title='bbox 605 3486 707 3565; x_wconf 89' lang='lat' dir='ltr'>pater</span> <span class='ocrx_word' id='word_1_207' title='bbox 735 3469 954 3556; x_wconf 90' lang='lat' dir='ltr'>Zachariae;</span> <span class='ocrx_word' id='word_1_208' title='bbox 1000 3489 1068 3540; x_wconf 89' lang='lat' dir='ltr'>nec</span> <span class='ocrx_word' id='word_1_209' title='bbox 1097 3467 1162 3540; x_wconf 89' lang='lat' dir='ltr'>alia</span> <span class='ocrx_word' id='word_1_210' title='bbox 1192 3464 1304 3538; x_wconf 64' lang='lat' dir='ltr'>scotor</span> <span class='ocrx_word' id='word_1_211' title='bbox 1334 3464 1509 3559; x_wconf 85' lang='lat' dir='ltr'>mysteria.</span> 
     </span>
     <span class='ocr_line' id='line_1_25' title="bbox 288 3557 1510 3663; baseline -0.002 -26"><span class='ocrx_word' id='word_1_212' title='bbox 288 3566 379 3637; x_wconf 81' lang='lat' dir='ltr'>eum</span> <span class='ocrx_word' id='word_1_213' title='bbox 410 3585 499 3637; x_wconf 87' lang='lat' dir='ltr'>vero</span> <span class='ocrx_word' id='word_1_214' title='bbox 524 3560 615 3638; x_wconf 85' lang='lat' dir='ltr'>filius</span> <span class='ocrx_word' id='word_1_215' title='bbox 639 3565 733 3638; x_wconf 80' lang='lat' dir='ltr'>Be&#39;err&#39;</span> <span class='ocrx_word' id='word_1_216' title='bbox 756 3564 915 3663; x_wconf 71' lang='lat' dir='ltr'>expresse</span> <span class='ocrx_word' id='word_1_217' title='bbox 944 3563 1156 3659; x_wconf 85' lang='lat' dir='ltr'>adpelletur,</span> <span class='ocrx_word' id='word_1_218' title='bbox 1188 3579 1324 3655; x_wconf 86' lang='lat' dir='ltr'>patrem</span> <span class='ocrx_word' id='word_1_219' title='bbox 1346 3557 1447 3633; x_wconf 80' lang='lat' dir='ltr'>suiffe</span> <span class='ocrx_word' id='word_1_220' title='bbox 1471 3560 1510 3635; x_wconf 91' lang='lat' dir='ltr'>in</span> 
     </span>
     <span class='ocr_line' id='line_1_26' title="bbox 288 3652 1508 3765; baseline 0.002 -33"><span class='ocrx_word' id='word_1_221' title='bbox 288 3676 399 3757; x_wconf 83' lang='lat' dir='ltr'>gente</span> <span class='ocrx_word' id='word_1_222' title='bbox 430 3658 489 3732; x_wconf 91' lang='lat' dir='ltr'>sua</span> <span class='ocrx_word' id='word_1_223' title='bbox 511 3658 743 3751; x_wconf 89' lang='lat' dir='ltr'>honoratum,</span> <span class='ocrx_word' id='word_1_224' title='bbox 781 3661 868 3734; x_wconf 91' lang='lat' dir='ltr'>hinc</span> <span class='ocrx_word' id='word_1_225' title='bbox 897 3658 1038 3756; x_wconf 88' lang='lat' dir='ltr'>quidem</span> <span class='ocrx_word' id='word_1_226' title='bbox 1069 3656 1165 3731; x_wconf 73' lang='lat' dir='ltr'>redte</span> <span class='ocrx_word' id='word_1_227' title='bbox 1190 3652 1385 3765; x_wconf 77' lang='lat' dir='ltr'>colligitur,</span> <span class='ocrx_word' id='word_1_228' title='bbox 1426 3655 1508 3754; x_wconf 83' lang='lat' dir='ltr'>quia</span> 
     </span>
     <span class='ocr_line' id='line_1_27' title="bbox 285 3751 1507 3855; baseline -0.001 -25"><span class='ocrx_word' id='word_1_229' title='bbox 285 3752 399 3830; x_wconf 89' lang='lat' dir='ltr'>&#39;moris</span> <span class='ocrx_word' id='word_1_230' title='bbox 422 3773 497 3828; x_wconf 88' lang='lat' dir='ltr'>erat</span> <span class='ocrx_word' id='word_1_231' title='bbox 528 3754 566 3830; x_wconf 89' lang='lat' dir='ltr'>in</span> <span class='ocrx_word' id='word_1_232' title='bbox 589 3754 653 3829; x_wconf 87' lang='lat' dir='ltr'><strong>filii</strong></span> <span class='ocrx_word' id='word_1_233' title='bbox 685 3757 821 3831; x_wconf 88' lang='lat' dir='ltr'>laudem</span> <span class='ocrx_word' id='word_1_234' title='bbox 844 3757 954 3855; x_wconf 87' lang='lat' dir='ltr'>patris</span> <span class='ocrx_word' id='word_1_235' title='bbox 978 3774 1108 3825; x_wconf 86' lang='lat' dir='ltr'>nomen</span> <span class='ocrx_word' id='word_1_236' title='bbox 1139 3775 1184 3824; x_wconf 90' lang='lat' dir='ltr'>co</span> <span class='ocrx_word' id='word_1_237' title='bbox 1208 3775 1244 3824; x_wconf 83' lang='grc' dir='ltr'>ιη</span> <span class='ocrx_word' id='word_1_238' title='bbox 1268 3751 1347 3825; x_wconf 86' lang='lat' dir='ltr'>casu</span> <span class='ocrx_word' id='word_1_239' title='bbox 1371 3772 1507 3829; x_wconf 88' lang='lat' dir='ltr'>tantum</span> 
     </span>
     <span class='ocr_line' id='line_1_28' title="bbox 283 3846 1507 3946; baseline -0.001 -21"><span class='ocrx_word' id='word_1_240' title='bbox 283 3849 438 3939; x_wconf 86' lang='lat' dir='ltr'>addere,</span> <span class='ocrx_word' id='word_1_241' title='bbox 475 3849 532 3923; x_wconf 88' lang='lat' dir='ltr'>sed</span> <span class='ocrx_word' id='word_1_242' title='bbox 564 3850 677 3924; x_wconf 90' lang='lat' dir='ltr'>minus</span> <span class='ocrx_word' id='word_1_243' title='bbox 701 3853 828 3943; x_wconf 90' lang='lat' dir='ltr'>solide,</span> <span class='ocrx_word' id='word_1_244' title='bbox 868 3876 949 3926; x_wconf 91' lang='lat' dir='ltr'>eum</span> <span class='ocrx_word' id='word_1_245' title='bbox 980 3871 1118 3944; x_wconf 88' lang='lat' dir='ltr'>quoque</span> <span class='ocrx_word' id='word_1_246' title='bbox 1151 3846 1251 3921; x_wconf 83' lang='lat' dir='ltr'>fuiffe</span> <span class='ocrx_word' id='word_1_247' title='bbox 1274 3849 1507 3946; x_wconf 64' lang='lat' dir='ltr'>prophetam</span> 
     </span>
     <span class='ocr_line' id='line_1_29' title="bbox 283 3942 1508 4045; baseline -0.001 -25"><span class='ocrx_word' id='word_1_248' title='bbox 283 3945 384 4045; x_wconf 89' lang='lat' dir='ltr'>quod</span> <span class='ocrx_word' id='word_1_249' title='bbox 409 3944 520 4019; x_wconf 73' lang='lat' dir='ltr'>fallaci</span> <span class='ocrx_word' id='word_1_250' title='bbox 538 3946 748 4045; x_wconf 81' lang='lat' dir='ltr'>Judaeorum</span> <span class='ocrx_word' id='word_1_251' title='bbox 764 3950 927 4043; x_wconf 85' lang='lat' dir='ltr'>regulae,</span> <span class='ocrx_word' id='word_1_252' title='bbox 952 3966 1055 4039; x_wconf 92' lang='lat' dir='ltr'>quum</span> <span class='ocrx_word' id='word_1_253' title='bbox 1073 3942 1268 4038; x_wconf 84' lang='lat' dir='ltr'>Prophetae</span> <span class='ocrx_word' id='word_1_254' title='bbox 1291 3945 1428 4024; x_wconf 87' lang='lat' dir='ltr'>additur</span> <span class='ocrx_word' id='word_1_255' title='bbox 1444 3972 1508 4020; x_wconf 91' lang='lat' dir='ltr'>no·</span> 
     </span>
     <span class='ocr_line' id='line_1_30' title="bbox 283 4039 1509 4140; baseline 0 -23"><span class='ocrx_word' id='word_1_256' title='bbox 283 4064 372 4117; x_wconf 90' lang='lat' dir='ltr'>men</span> <span class='ocrx_word' id='word_1_257' title='bbox 387 4040 518 4132; x_wconf 85' lang='lat' dir='ltr'>Patris,</span> <span class='ocrx_word' id='word_1_258' title='bbox 542 4066 621 4115; x_wconf 87' lang='lat' dir='ltr'>eum</span> <span class='ocrx_word' id='word_1_259' title='bbox 645 4067 784 4140; x_wconf 90' lang='lat' dir='ltr'>quoque</span> <span class='ocrx_word' id='word_1_260' title='bbox 807 4042 1018 4138; x_wconf 90' lang='lat' dir='ltr'>prophetam</span> <span class='ocrx_word' id='word_1_261' title='bbox 1043 4040 1163 4129; x_wconf 82' lang='lat' dir='ltr'>fuiffe,</span> <span class='ocrx_word' id='word_1_262' title='bbox 1190 4039 1348 4115; x_wconf 84' lang='lat' dir='ltr'>innixum</span> <span class='ocrx_word' id='word_1_263' title='bbox 1372 4041 1441 4130; x_wconf 85' lang='lat' dir='ltr'>est,</span> <span class='ocrx_word' id='word_1_264' title='bbox 1466 4046 1509 4117; x_wconf 92' lang='lat' dir='ltr'>ab</span> 
     </span>
     <span class='ocr_line' id='line_1_31' title="bbox 282 4136 1504 4233; baseline 0.003 -22"><span class='ocrx_word' id='word_1_265' title='bbox 282 4136 365 4211; x_wconf 85' lang='lat' dir='ltr'>iso</span> <span class='ocrx_word' id='word_1_266' title='bbox 395 4138 500 4211; x_wconf 83' lang='lat' dir='ltr'>Aben</span> <span class='ocrx_word' id='word_1_267' title='bbox 530 4138 618 4210; x_wconf 85' lang='lat' dir='ltr'>Ezra</span> <span class='ocrx_word' id='word_1_268' title='bbox 649 4138 850 4212; x_wconf 88' lang='lat' dir='ltr'>refutatum.</span> <span class='ocrx_word' id='word_1_269' title='bbox 900 4138 957 4209; x_wconf 88' lang='lat' dir='ltr'>De</span> <span class='ocrx_word' id='word_1_270' title='bbox 984 4140 1098 4232; x_wconf 82' lang='lat' dir='ltr'>putria</span> <span class='ocrx_word' id='word_1_271' title='bbox 1128 4137 1203 4233; x_wconf 85' lang='lat' dir='ltr'>ejus</span> <span class='ocrx_word' id='word_1_272' title='bbox 1234 4137 1322 4211; x_wconf 89' lang='lat' dir='ltr'>nihil</span> <span class='ocrx_word' id='word_1_273' title='bbox 1356 4137 1504 4216; x_wconf 86' lang='lat' dir='ltr'>constat.</span> 
     </span>
     <span class='ocr_line' id='line_1_32' title="bbox 287 4164 1510 4342; baseline 0 -33"><span class='ocrx_word' id='word_1_274' title='bbox 287 4164 382 4309; x_wconf 51' lang='lat' dir='ltr'>Eum</span> <span class='ocrx_word' id='word_1_275' title='bbox 404 4232 533 4307; x_wconf 89' lang='lat' dir='ltr'>etribu</span> <span class='ocrx_word' id='word_1_276' title='bbox 549 4234 714 4309; x_wconf 84' lang='lat' dir='ltr'>Iffaschar</span> <span class='ocrx_word' id='word_1_277' title='bbox 736 4234 869 4325; x_wconf 76' lang='lat' dir='ltr'>fuisse„</span> <span class='ocrx_word' id='word_1_278' title='bbox 882 4251 920 4306; x_wconf 94' lang='lat' dir='ltr'>et</span> <span class='ocrx_word' id='word_1_279' title='bbox 942 4232 1076 4342; x_wconf 86' lang='lat' dir='ltr'>oppidu</span> <span class='ocrx_word' id='word_1_280' title='bbox 1092 4233 1309 4307; x_wconf 84' lang='lat' dir='ltr'>Beth-semes</span> <span class='ocrx_word' id='word_1_281' title='bbox 1333 4231 1398 4330; x_wconf 85' lang='lat' dir='ltr'>(stc</span> <span class='ocrx_word' id='word_1_282' title='bbox 1414 4236 1510 4333; x_wconf 87' lang='lat' dir='ltr'>enim</span> 
     </span>
     <span class='ocr_line' id='line_1_33' title="bbox 282 4327 1507 4429; baseline -0.001 -23"><span class='ocrx_word' id='word_1_283' title='bbox 282 4328 359 4429; x_wconf 82' lang='lat' dir='ltr'>legi</span> <span class='ocrx_word' id='word_1_284' title='bbox 382 4328 509 4417; x_wconf 84' lang='lat' dir='ltr'>debet,</span> <span class='ocrx_word' id='word_1_285' title='bbox 542 4349 694 4418; x_wconf 85' lang='lat' dir='ltr'>ernon,</span> <span class='ocrx_word' id='word_1_286' title='bbox 728 4350 767 4404; x_wconf 94' lang='lat' dir='ltr'>ut</span> <span class='ocrx_word' id='word_1_287' title='bbox 791 4328 935 4405; x_wconf 76' lang='lat' dir='ltr'>codices</span> <span class='ocrx_word' id='word_1_288' title='bbox 965 4327 1083 4402; x_wconf 81' lang='lat' dir='ltr'>vrtiost</span> <span class='ocrx_word' id='word_1_289' title='bbox 1116 4329 1269 4417; x_wconf 87' lang='lat' dir='ltr'>habent,</span> <span class='ocrx_word' id='word_1_290' title='bbox 1302 4331 1507 4422; x_wconf 82' lang='lat' dir='ltr'>Beltmoth,</span> 
     </span>
     <span class='ocr_line' id='line_1_34' title="bbox 281 4422 1506 4526; baseline -0.002 -26"><span class='ocrx_word' id='word_1_291' title='bbox 281 4424 380 4526; x_wconf 80' lang='lat' dir='ltr'>qnod</span> <span class='ocrx_word' id='word_1_292' title='bbox 404 4424 548 4501; x_wconf 83' lang='lat' dir='ltr'>Drufius</span> <span class='ocrx_word' id='word_1_293' title='bbox 576 4427 650 4523; x_wconf 86' lang='lat' dir='ltr'>jam</span> <span class='ocrx_word' id='word_1_294' title='bbox 675 4424 852 4525; x_wconf 90' lang='lat' dir='ltr'>notavit‚)</span> <span class='ocrx_word' id='word_1_295' title='bbox 885 4425 1034 4500; x_wconf 88' lang='lat' dir='ltr'>traditur</span> <span class='ocrx_word' id='word_1_296' title='bbox 1065 4425 1207 4522; x_wconf 87' lang='lat' dir='ltr'>quidem</span> <span class='ocrx_word' id='word_1_297' title='bbox 1233 4448 1252 4496; x_wconf 89' lang='lat' dir='ltr'>a</span> <span class='ocrx_word' id='word_1_298' title='bbox 1276 4422 1506 4520; x_wconf 83' lang='lat' dir='ltr'>Pseudo-Epi-</span> 
     </span>
     <span class='ocr_line' id='line_1_35' title="bbox 280 4518 1507 4620; baseline -0.001 -26"><span class='ocrx_word' id='word_1_299' title='bbox 280 4518 420 4620; x_wconf 88' lang='lat' dir='ltr'>phanio</span> <span class='ocrx_word' id='word_1_300' title='bbox 448 4541 485 4595; x_wconf 86' lang='lat' dir='ltr'>et</span> <span class='ocrx_word' id='word_1_301' title='bbox 502 4521 690 4596; x_wconf 91' lang='lat' dir='ltr'>Dorotheo</span> <span class='ocrx_word' id='word_1_302' title='bbox 714 4521 758 4595; x_wconf 88' lang='lat' dir='ltr'>de</span> <span class='ocrx_word' id='word_1_303' title='bbox 782 4523 868 4597; x_wconf 88' lang='lat' dir='ltr'>vitis</span> <span class='ocrx_word' id='word_1_304' title='bbox 884 4522 1158 4618; x_wconf 86' lang='lat' dir='ltr'>Prophetarum,</span> <span class='ocrx_word' id='word_1_305' title='bbox 1184 4542 1249 4591; x_wconf 83' lang='lat' dir='ltr'>nec</span> <span class='ocrx_word' id='word_1_306' title='bbox 1273 4541 1364 4609; x_wconf 87' lang='lat' dir='ltr'>nun,</span> <span class='ocrx_word' id='word_1_307' title='bbox 1390 4521 1507 4593; x_wconf 80' lang='lat' dir='ltr'>secun·</span> 
     </span>
     <span class='ocr_line' id='line_1_36' title="bbox 277 4611 1605 4716; baseline -0.002 -23"><span class='ocrx_word' id='word_1_308' title='bbox 277 4618 372 4693; x_wconf 83' lang='lat' dir='ltr'>&#39;dum</span> <span class='ocrx_word' id='word_1_309' title='bbox 394 4618 547 4693; x_wconf 79' lang='lat' dir='ltr'>Gloffam</span> <span class='ocrx_word' id='word_1_310' title='bbox 573 4612 804 4716; x_wconf 85' lang='lat' dir='ltr'>ordinariam,</span> <span class='ocrx_word' id='word_1_311' title='bbox 828 4623 872 4699; x_wconf 86' lang='lat' dir='ltr'>ab</span> <span class='ocrx_word' id='word_1_312' title='bbox 899 4620 1126 4715; x_wconf 77' lang='lat' dir='ltr'>Hieronymo</span> <span class='ocrx_word' id='word_1_313' title='bbox 1136 4670 1156 4704; x_wconf 92' lang='lat'>,.</span> <span class='ocrx_word' id='word_1_314' title='bbox 1171 4612 1229 4691; x_wconf 85' lang='lat' dir='ltr'>sed</span> <span class='ocrx_word' id='word_1_315' title='bbox 1251 4611 1322 4690; x_wconf 84' lang='lat' dir='ltr'>sure</span> <span class='ocrx_word' id='word_1_316' title='bbox 1346 4616 1415 4687; x_wconf 85' lang='lat' dir='ltr'>ullo</span> <span class='ocrx_word' id='word_1_317' title='bbox 1432 4613 1507 4691; x_wconf 86' lang='lat' dir='ltr'>fun·</span> <span class='ocrx_word' id='word_1_318' title='bbox 1602 4649 1605 4655; x_wconf 93' lang='lat'>·</span> 
     </span>
    </p>

    <p class='ocr_par' dir='ltr' id='par_1_7' title="bbox 332 4706 1510 4804">
     <span class='ocr_line' id='line_1_37' title="bbox 332 4706 1510 4804; baseline 0 -16"><span class='ocrx_word' id='word_1_319' title='bbox 332 4710 420 4790; x_wconf 70' lang='lat' dir='ltr'>7th</span> <span class='ocrx_word' id='word_1_320' title='bbox 447 4716 500 4788; x_wconf 85' lang='lat' dir='ltr'>II.</span> <span class='ocrx_word' id='word_1_321' title='bbox 927 4714 960 4784; x_wconf 82' lang='lat' dir='ltr'>Y</span> <span class='ocrx_word' id='word_1_322' title='bbox 1321 4706 1510 4804; x_wconf 76' lang='lat' dir='ltr'>dumento,</span> 
     </span>
    </p>
   </div>
   <div class='ocr_carea' id='block_1_5' title="bbox 0 0 1792 5884">
    <p class='ocr_par' dir='ltr' id='par_1_8' title="bbox 0 0 1792 5884">
     <span class='ocr_line' id='line_1_38' title="bbox 0 0 1792 5884; baseline 0 13"><span class='ocrx_word' id='word_1_323' title='bbox 0 0 1792 5884; x_wconf 95' lang='lat' dir='ltr'> </span> 
     </span>
    </p>
   </div>
  </div>
 </body>
</html>
