3575 5884
634 1128 651 1141 ''
723 1114 885 1198 “Parias
908 1113 1072 1217 Septima}
1440 1138 1519 1222 531·

280 1320 356 1392 ter,
382 1299 459 1398 ejus
483 1301 745 1392 contemtores,
770 1303 1025 1396 abnegatores,
1057 1320 1100 1374 ac
1125 1287 1265 1388 hostes,
1289 1296 1334 1373 ad
1361 1296 1513 1378 Graeca·

278 1402 400 1476 nicam
426 1397 710 1490 superstitionem
728 1397 855 1494 proni,
880 1395 941 1491 qui
970 1397 1105 1492 populo
1123 1393 1257 1490 Judaeo
1282 1395 1394 1492 magis
1411 1420 1514 1492 quain

278 1496 362 1571 S'ri
398 1514 617 1582 nocuerunt,
654 1492 715 1587 qui
752 1491 896 1588 inprobi
922 1508 959 1563 et
979 1491 1144 1585 scelerate
1171 1493 1352 1566 tradentes
1367 1490 1514 1586 faedus,

278 1525 499 1687 adpellantur
525 1592 616 1663 Dan.
644 1590 707 1664 XI:
746 1611 804 1682 32.
847 1606 884 1658 et
918 1585 1095 1683 desertores
1118 1584 1269 1680 foederis
1294 1588 1431 1684 senili,
1473 1593 1520 1665 aa

288 1712 368 1785 quos
404 1689 508 1758 aciem
544 1689 659 1758 taeniis
695 1687 876 1759 admovebit
917 1683 1120 1778 Epiphanes
1152 1681 1237 1756 ibid.
1281 1707 1317 1760 v.
1352 1707 1409 1778 30.
1454 1685 1516 1760 ubi

282 1782 358 1858 vid.
385 1785 521 1853 Comm.
554 1780 681 1855 noster.
730 1779 929 1875 Republica
962 1779 1046 1852 dein
1081 1775 1287 1869 instaurata,
1334 1799 1371 1851 et
1407 1779 1513 1855 sacris

279 1875 476 1965 restitutis,
501 1898 582 1948 cum
611 1876 762 1951 studium
790 1876 878 1972 legis
906 1873 1045 1971 inoepit
1073 1873 1218 1970 vigere,
1245 1875 1514 1950 Chasrdaeorum

281 1972 464 2061 nonnulli,
490 1973 652 2063 modum,
681 1991 720 2047 ut
737 1972 816 2045 fieri
843 1969 996 2061 adsolet,
1022 1992 1097 2043 non
1126 1974 1309 2060 tenentes,
1334 1971 1376 2044 ad
1403 1974 1513 2069 majo·

280 2094 361 2144 rem
378 2066 664 2159 adcurationem,
689 2069 806 2142 'etiam
828 2064 1015 2154 minutias,
1043 2063 1215 2164 prolapsi,
1240 2066 1358 2162 legum
1379 2067 1513 2143 rituali·

284 2191 346 2241 unt
371 2165 714 2260 cognoscendarum,
740 2160 1041 2251 definiendatum,
1072 2186 1114 2235 ac
1142 2160 1257 2257 rigide
1281 2163 1512 2238 observanda·

281 2286 363 2336 rum
396 2260 540 2336 ardente
574 2259 690 2334 studio
716 2259 859 2333 suerunt
892 2255 1011 2346 disti,
1054 2258 1294 2352 summamque
1329 2258 1512 2356 religionis

282 2360 324 2434 in
352 2380 397 2430 eo
423 2355 704 2431 constituerunt:
731 2378 813 2428 cum
837 2377 925 2428 vero
952 2356 1072 2428 littera
1095 2349 1184 2450 legis
1209 2353 1250 2427 ad
1271 2350 1306 2425 id
1332 2378 1404 2428 non
1421 2353 1514 2430 suffi-

281 2473 401 2543 ceret,
425 2453 497 2527 sese
522 2453 564 2543 ad
594 2455 786 2526 traditiones
810 2468 1046 2543 receperunt,
1070 2473 1163 2545 >quas
1185 2446 1336 2522 studiose
1362 2472 1429 2523 con
1457 2451 1512 2524 ui·

281 2552 459 2639 siverunt,
485 2566 522 2622 et
539 2573 606 2644 pro
622 2553 734 2623 altera
751 2548 852 2641 lege,
877 2545 936 2618 seu
954 2546 1018 2622 ill>
1026 2544 1106 2639 sepe
1127 2543 1234 2639 legis,
1258 2543 1427 2642 deinceps
1475 2569 1512 2628 a·

284 2651 457 2735 buerunt,
501 2642 583 2719 inde
616 2642 843 2742 sequentibus
878 2641 1097 2737 temporibus
1132 2637 1218 2712 dieti
1253 2639 1390 2734 misnlei.
1444 2643 1513 2719 Pes

281 2742 378 2842 quod
406 2743 525 2834 legum
549 2740 725 2815 ritualium
751 2756 789 2811 et
825 2735 1052 2810 traditionum
1080 2732 1252 2821 studium,
1294 2758 1335 2809 ac
1361 2736 1512 2834 rigidam

281 2837 560 2921 observantiam,
586 2857 667 2908 cum
692 2837 736 2908 ab
762 2831 839 2907 aliis
860 2832 933 2908 sese
958 2830 993 2905 se
1021 2853 1181 2922 ararent,
1213 2828 1326 2925 iisque
1351 2831 1387 2906 se
1412 2834 1510 2930 sanc,-

282 2938 398 3006 tiores
420 2952 462 3001 ac
489 2927 720 3024 religiosiores
743 2946 929 3025 putarent,
962 2857 1124 3026 adpellati
1149 2928 1227 3003 sunt
1253 2927 1446 3019 Pharisaei,
1489 2955 1511 3011 a

282 3019 378 3102 2⁵¹1&
396 3020 577 3120 separare,
612 3022 671 3099 seu
695 3029 895 3124 damires
919 3021 1163 3122 separatillae:
1197 3046 1267 3118 quo
1282 3026 1364 3194 sles.
1390 3027 1508 3103 LXV:

285 3143 345 3210 15.
373 3120 536 3194 censetur
557 3119 675 3217 digito
701 3121 860 3211 intendi,
893 3121 968 3195 aliis
992 3118 1099 3195 etiam
1124 3121 1252 3198 nisan
1298 3121 1370 3196 ocii
1398 3125 1512 3221 irenes

280 3215 467 3314 adpellari,
493 3242 564 3314 quo
581 3215 738 3292 Christus
762 3218 897 3292 censeri
922 3215 1038 3313 posset
1061 3217 1271 3315 respexisse,
1297 3218 1407 3315 Judae
1425 3243 1510 3327 pro-

282 3313 394 3389 ditori
420 3311 541 3386 dicens
572 3316 682 3389 Matr.
707 3315 848 3389 XXVI:
876 3335 936 3404 50.
969 3311 1088 3412 lraips,
1129 3332 1169 3388 ut
1194 3315 1260 3414 ipsi
1286 3316 1509 3392 consortium

283 3433 365 3484 cum
392 3408 582 3483 Pharisaeis
607 3408 700 3506 quasi
726 3411 950 3508 exprobaret.
1003 3410 1164 3509 Quorum
1191 3409 1310 3507 itaque
1337 3408 1375 3480 in
1434 3406 1509 3482 rin·

283 3506 382 3602 cipio
400 3503 613 3578 chamslercs
640 3505 680 3579 hi
699 3501 769 3579 duo
795 3525 931 3580 tantuin
950 3504 1113 3592 fuerunt,
1140 3529 1242 3594 anas,
1268 3506 1391 3578 ineisa
1430 3523 1511 3584 oet

281 3601 401 3697 rigido
418 3600 532 3674 studio
559 3625 602 3674 ac
617 3600 792 3696 exercitio
815 3603 933 3699 legum
954 3599 1153 3689 ritualium,
1181 3599 1219 3672 in
1238 3598 1357 3696 specie
1381 3599 1425 3674 de
1441 3627 1508 3699 pu·

279 3698 408 3785 ritate,
436 3715 473 3768 et
492 3695 685 3793 inpuritate
713 3698 838 3795 legali,
863 3698 964 3785 situs,
990 3694 1088 3789 cujus
1113 3695 1276 3790 respersu
1301 3695 1337 3770 se
1357 3697 1508 3772 caeteris

276 3792 455 3891 jaslabant
471 3791 674 3888 seueriorem
699 3794 758 3867 sed
785 3798 892 3883 alter,
924 3790 1451 3891 traditionum-adparapeda'rai,
1486 3818 1508 3873 a

281 3893 464 3977 Patribus,
492 3887 551 3962 seu
567 3889 776 3984 majoribus,
795 3909 952 3964 ortarum
962 3942 973 3977 ,
998 3886 1149 3963 studium
1167 3906 1205 3961 et
1225 3891 1505 3983 observantiam,

280 3983 349 4060 acsi
366 3983 521 4078 ejusdem
548 3986 659 4059 essent
677 3984 876 4059 autoritatis
902 4009 944 4059 ac
961 3986 1039 4058 Lex
1065 3982 1160 4079 ipsa,
1184 3990 1398 4086 complexus.
1446 3988 1507 4064 Ab

279 4082 353 4155 hoc
384 4079 567 4154 hominum
598 4105 729 4179 genere
758 4082 988 4173 secesserunt,
1030 4079 1069 4154 in
1094 4080 1241 4160 alterum
1275 4085 1349 4156 fere
1386 4097 1504 4155 extre·

280 4200 378 4251 mum
406 4175 560 4272 delapsi,
578 4177 659 4274 qui,
685 4179 796 4252 cultus
821 4176 959 4253 rithlis
981 4175 1144 4270 minore,
1171 4177 1400 4257 traditionum
1427 4180 1504 4254 nul·

280 4277 333 4361 la,
366 4271 485 4346 habita
510 4272 668 4361 ratione,
709 4276 804 4370 leges
829 4270 954 4349 'civiles
977 4291 1015 4347 et
1042 4275 1227 4370 politicas,
1268 4271 1328 4343 seu
1348 4271 1504 4369 justitiae

280 4367 430 4442 studium
457 4387 494 4441 et
521 4367 752 4459 exercitium,
793 4371 886 4445 unde
922 4370 1006 4443 salus
1031 4370 1121 4468 reip.
1200 4366 1306 4456 ridet,
1340 4364 1504 4464 inprimis

281 4465 446 4538 &rabant
473 4484 510 4537 et
539 4466 775 4540 seslabantur:
820 4466 903 4541 inde·
927 4471 970 4545 θ’
1042 4473 1130 4563 Siti
1162 4468 1196 4552 i,
1235 4461 1295 4538 seu
1319 4462 1503 4538 Sadducaei

279 4560 463 4657 adpellsti,
485 4562 575 4658 juris
600 4581 639 4639 et
662 4564 766 4664 aequi
795 4564 904 4734 riqqidi
926 4568 962 4642 se
1020 4585 1133 4656 toret,
1159 4578 1198 4639 et
1214 4558 1304 4663 reip.
1330 4558 1503 4728 tulendae,

862 4679 919 4733 XX
943 4680 965 4734 2
1382 4675 1502 4755 egumg
