3575 5884
261 577 1624 917 ..-

698 1142 1022 1235 abiuntum·
1067 1162 1069 1169 '
1274 1220 1284 1233 .
1326 1150 1328 1155 ’
1389 1148 1493 1261 '3⁸59

261 1347 297 1515 ξι
320 1340 511 1504 poputum
534 1326 809 1429 Hierosolymae
830 1332 1010 1433 patescat,
1033 1331 1079 1409 de
1105 1350 1177 1431 quo
1205 1326 1304 1430 plura
1326 1330 1390 1409 hie
1406 1342 1488 1417 'nou

280 1449 344 1505 eet
395 1450 505 1505 rcere.

264 1574 269 1605 ;
300 1524 334 1625 s
362 1522 568 1601 cccxxx.
603 1520 742 1629 Quibus
763 1523 926 1599 ornnibtu
949 1518 1119 1622 peraeae,
1157 1522 1341 1599 Nehemia
1366 1547 1487 1604 rerum

261 1619 504 1710 ordinationi,
535 1636 574 1691 et
600 1640 739 1691 morum
760 1618 1031 1709 reformationi,
1065 1617 1252 1710 incubuit3
1285 1646 1370 1696 num
1395 1646 1488 1699 vero

261 1717 381 1793 Susam
406 1734 492 1789 aute
513 1712 682 1810 petierit,
708 1713 751 1787 ad
768 1715 865 1814 Regi
880 1715 1070 1790 successum
1090 1714 1207 1811 operis
1226 1718 1484 1811 nunciandum,

261 1834 298 1889 et
314 1811 496 1891 licentiam
525 1810 679 1901 reditur,
703 1810 819 1885 adres
841 1810 1095 1899 instaurandas,
1124 1811 1386 1907 inpetrandam,
1411 1833 1491 1891 nec

261 1910 464 1999 adfirmare,
487 1930 557 1981 nee
580 1928 709 2003 negare
735 1906 863 1999 aufrm,
889 1930 972 1983 cum
994 1908 1068 2003 ejus
1095 1906 1234 1979 mentio
1256 1930 1328 1983 noa
1358 1933 1483 1988 occur·

261 2026 333 2097 rat,
359 2029 430 2081 nec
456 2023 575 2077 tamen
591 2001 703 2077 desrnt
719 2002 895 2094 rationes,
919 2027 1006 2101 quae
1031 2003 1212 2099 probabile
1240 2002 1396 2097 faciunt,
1425 2007 1486 2085 sed

261 2102 345 2183 illud
362 2098 544 2179 aminon
562 2095 624 2175 est.
659 2098 917 2173 Recenseamus
933 2121 1055 2194 paucis
1071 2098 1376 2195 quaeaNehemia
1393 2102 1487 2179 haue

261 2200 300 2279 in
315 2220 393 2275 rem
409 2196 489 2271 sunt
504 2192 661 2289 perasta,
709 2216 745 2269 1,
769 2193 931 2301 Querelis
947 2194 1096 2291 inopum
1106 2249 1117 2283 ,
1129 2251 1131 2257 .
1142 2193 1188 2268 de
1205 2194 1402 2294 multiplice
1421 2220 1490 2295 op«

261 2294 433 2393 premere
458 2312 524 2387 per
548 2288 764 2365 creditorum
799 2286 1003 2369 extationes
1030 2291 1149 2379 durau,
1175 2289 1300 2389 quibus
1319 2314 1393 2365 non
1409 2309 1487 2366 tam

261 2410 340 2469 rum
368 2410 511 2487 gravem
537 2387 752 2461 exercebant
773 2384 1081 2479 foenerationem,
1120 2386 1180 2461 sed
1207 2406 1244 2460 et
1271 2387 1492 2464 eonomine

269 2484 532 2571 fraudulenter,
578 2500 617 2555 et
651 2481 819 2576 perfide,
850 2483 889 2557 in
918 2483 1146 2559 miserabilem
1177 2482 1387 2559 servitutem
1423 2506 1487 2560 eor

268 2598 470 2670 traxerant,
494 2577 539 2653 ad
565 2576 680 2675 ipsum
698 2577 841 2670 delatis,
868 2577 992 2652 effecit
1008 2578 1066 2654 sua
1083 2578 1293 2671 autoritate,
1314 2603 1357 2652 ae
1371 2580 1492 2653 incre«

261 2676 401 2777 pataria
409 2677 592 2763 oratione,
618 2674 788 2770 exemplo
804 2675 982 2748 etiam-suo
999 2674 1228 2763 confirmata,
1247 2693 1288 2747 ut
1305 2674 1363 2749 illa
1378 2674 1490 2751 celsa.¹

261 2774 380 2866 verit,
403 2791 444 2849 et
458 2770 521 2845 ino
533 2850 536 2854 ,
548 2794 584 2843 es
601 2768 770 2844 sublevati
789 2768 922 2845 fuerint
941 2792 1019 2867 eap.
1043 2770 1098 2845 V..
1143 2768 1259 2938 ssuem
1276 2770 1390 2845 msam
1406 2794 1494 2857 eum

261 2872 468 2950 ira-Comm.
559 2864 648 2939 Mal.
674 2867 725 2940 11:
754 2888 819 2954 10,
845 2863 907 2941 ubi
931 2865 975 2940 ad
999 2890 1080 2939 eum
1106 2888 1145 2938 re
1160 2865 1317 2962 pieitur,
1343 2867 1423 2943 satis
1445 2867 1489 2943 il·

261 2963 509 3053 lustraverim,
528 2960 591 3036 hic
615 2959 704 3034 nihil
733 2960 825 3035 aliud
854 2961 1068 3051 observabo,
1094 2985 1197 3056 quam
1219 2961 1349 3037 illustre
1366 2989 1488 3039 exem·

290 3066 389 3151 lum,
429 3077 468 3133 et
495 3056 598 3157 probi
625 3080 668 3130 ae
718 3056 825 3132 atriae
859 3056 1007 3132 amantis
1040 3055 1173 3148 animi,
1211 3076 1249 3132 et
1275 3058 1497 3136 liberalitatia

262 3088 490 3246 silehemiae3
530 3153 575 3229 ad
609 3176 654 3250 qu
762 3172 927 3229 rovoeat,
970 3154 1029 3226 De
1060 3151 1267 3230 liberalitate
1302 3153 1340 3229 in
1365 3156 1497 3255 primir-

262 3254 434 3344 resiatur,
467 3248 563 3348 quod
585 3274 622 3323 v.
653 3256 707 3328 18.
732 3177 903 3339 iiabetur,
946 3247 1008 3321 ubi
1036 3270 1107 3340 150
1142 3250 1238 3324 viros
1270 3251 1408 3343 exules,
1453 3269 1493 3327 et

262 3354 304 3433 in
370 3349 474 3424 triam
490 3346 674 3434 reversos,
691 3345 847 3442 propriis
864 3343 1056 3435 sumtibus,
1080 3345 1123 3420 ad
1147 3347 1302 3419 mensam
1319 3345 1414 3419 suam
1430 3348 1490 3420 ad·

284 3448 314 3463 ''
348 3472 413 3537 oa,
437 3440 640 3519 sustentasse
657 3442 790 3532 refert,
815 3439 872 3515 his
898 3442 1036 3535 verbis,
1061 3459 1101 3514 ut
1126 3439 1198 3536 legi
1214 3458 1252 3513 et
1269 3440 1403 3533 exponi
1428 3439 1495 3513 de.-

266 3544 375 3631 beot:
417 3558 451 3615 rt
476 3540 559 3639 quod
603 3541 654 3611 uit
688 3535 746 3637 (in
770 3537 887 3611 mensa
912 3533 1008 3633 mea)
1025 3534 1162 3630 fufium
1192 3533 1239 3632 ps
1264 3532 1379 3634 (anili,
1410 3558 1499 3614 meu

268 3640 407 3729 linum,
439 3634 514 3711 five
538 3659 559 3709 a
581 3633 603 3706 d
625 3652 681 3707 tur
705 3613 749 3723 ab
770 3632 881 3725 mihi,
906 3630 979 3705 siae
1003 3631 1224 3726 suppleatur,
1250 3629 1370 3744 potuit
1393 3634 1493 3712 enim

268 3760 334 3837 per
357 3731 523 3835 praeced.
592 3788 596 3795 .
646 3728 750 3828 facile
767 3723 954 3825 excidere)v
968 3751 1167 3822 unoquoque,
1192 3727 1327 3803 scilcet
1343 3732 1416 3825 die,
1434 3735 1492 3808 bos

267 3859 374 3925 mus,
416 3835 554 3904 minores
576 3830 712 3924 pecudes
737 3828 803 3925 sex
835 3830 996 3923 pingues,
1026 3839 1059 3897 ct
1083 3849 1162 3900 aver
1202 3829 1389 3902 ‘mabuntur
1414 3828 1499 3923 misus

268 3929 350 4031 (seu
373 3927 420 4001 de
447 3920 548 4021 meo)
577 3942 608 4000 et
630 3928 723 3996 intra
748 3928 857 3999 decem
882 3923 969 4009 dies,
1013 3914 1146 4030 (spatio
1177 3843 1301 3999 iecem
1333 3920 1493 4025 dierum)

271 4020 356 4101 urai
386 4019 541 4121 (seilicet
563 4024 615 4095 die
667 4037 737 4113 21,
773 4022 857 4093 omni
878 4006 1033 4092 eoulirur
1063 4016 1186 4113 utique
1217 4042 1297 4095 rum
1323 4026 1395 4094 virro
1428 4042 1491 4092 ne·

270 4122 371 4222 quit,
397 4117 457 4192 sed
474 4116 580 4190 debet
597 4139 677 4190 eum
692 4119 831 4204 lllldie,
858 4110 931 4188 save
950 4134 996 4187 ex
1010 4113 1176 4216 praeced,
1195 4134 1399 4215 repetatur,
1418 4112 1500 4212 five

271 4218 440 4305 addatur,
466 4236 533 4310 per
557 4218 603 4320 s*
626 4217 733 4288 vinam
752 4210 857 4286 facile
873 4205 1092 4309 absorptum)
1115 4214 1222 4288 umam
1239 4219 1273 4286 in
1289 4212 1500 4289 abundantia¹

272 4334 344 4391 etc.
391 4313 579 4400 Ceterum,
604 4308 690 4382 licet
715 4308 811 4383 casua
827 4305 896 4383 hir
915 4325 1074 4382 narretur
1096 4306 1241 4382 durante
1261 4303 1389 4405 adhue
1407 4330 1499 4405 ope«

274 4434 315 4488 re
339 4404 638 4495 reedificatione,
679 4404 824 4482 dubium
849 4423 973 4481 tamen·
999 4401 1093 4479 mihi
1116 4399 1286 4490 nonest,
1323 4402 1408 4499 quin
1431 4400 1499 4473 ali«

274 4504 427 4604 quaudiu
441 4500 525 4602 post
541 4499 756 4600 contigerit,
779 4501 938 4600 adeoque
956 4501 1018 4576 hic
1043 4519 1116 4574 non
1138 4499 1200 4570 suo
1219 4494 1322 4587 loco,
1354 4496 1412 4571 fed
1430 4495 1500 4571 ali-

277 4617 620 4703 aua,1uemotet1u.
669 4600 760 4683 eum
776 4599 914 4768 emp,
940 4596 1040 4673 suum
1062 4590 1246 4693 profertur
1274 4589 1503 4768 exedrncpiarpam,

289 4726 292 4731 ’
837 4783 839 4787 ,
881 4710 960 4790 Μ’·
1349 4707 1369 4762 e
1462 4708 1509 4792 tp
