3575 5884
631 926 786 1004 Perinde
809 928 930 1005 Saum
1033 945 1037 951 ·
1319 948 1396 1029 375

156 1110 276 1189 odium
302 1108 343 1185 in
369 1130 474 1201 eum,
501 1127 540 1183 et
555 1106 593 1182 in
609 1125 719 1185 totam
738 1107 813 1207 ejur
831 1128 999 1209 gentem,
1027 1108 1221 1211 concepit,
1243 1110 1333 1188 adeo
1349 1132 1396 1191 nt.

155 1212 300 1309 aRege
327 1204 542 1307 potestatem
560 1207 738 1303 acceperit
761 1226 910 1302 gentem
926 1206 1020 1285 illam
1036 1210 1200 1301 delendi,
1226 1227 1267 1283 ut
1281 1209 1397 1289 modo

158 1305 324 1395 narravi,
365 1320 403 1375 et
434 1302 594 1400 exposui.
652 1302 749 1412 Quid
780 1324 870 1379 vero
902 1306 1184 1384 Morduchaeum
1220 1305 1392 1404 inpulerit

159 1404 201 1477 ad
228 1404 411 1477 honorem
437 1398 532 1473 illurn
550 1401 703 1475 Hamanr
729 1399 996 1497 denegandum,
1020 1404 1096 1479 silet
1120 1403 1262 1501 quidem
1282 1399 1396 1478 histo·

158 1500 233 1589 ria,
264 1498 327 1573 sed
360 1495 624 1593 conjiciendum
657 1514 777 1570 tamen
799 1500 966 1593 praebet,
998 1500 1290 1591 Mordacnaeum,
1305 1496 1391 1595 srbi,

163 1616 232 1693 qua
253 1594 415 1693 Judaeo,
458 1591 494 1667 id
524 1616 596 1667 non
627 1592 756 1684 licere,
800 1594 983 1689 opinatum
1016 1595 1131 1671 fuisse.
1177 1600 1269 1673 Cum
1293 1597 1392 1675 enim

162 1690 317 1766 ministri
340 1688 467 1776 aulici,
508 1688 691 1787 postquam
720 1690 1003 1765 Mordachaeum
1028 1690 1154 1768 frustm
1176 1694 1219 1767 ad
1243 1691 1280 1767 id
1303 1692 1394 1772 saci·

164 1788 294 1863 endum
324 1784 549 1878 incitassent,
581 1786 742 1883 legantur
765 1787 920 1862 Humani
948 1788 1031 1863 illud
1058 1813 1103 1865 eo
1126 1789 1236 1887 scopo
1259 1789 1392 1887 fignifi-

166 1885 276 1975 affe,
303 1902 344 1956 ut
370 1882 615 1979 explorarent,
641 1904 725 1957 num
739 1881 1001 1958 Mordachaeur
1014 1884 1097 1961 sese
1121 1906 1246 1961 contra
1258 1886 1391 1963 Hama-

169 2004 250 2055 nem
274 1996 454 2068 tueretur,
478 2002 543 2075 per
567 1976 765 2066 rationem,
790 1978 885 2075 quod
903 1977 1072 2072 Judaeum
1097 1980 1132 2054 se
1155 1981 1225 2056 effe
1250 1980 1394 2060 dixisset

168 2100 200 2149 e.
226 2079 296 2151 111:
319 2098 356 2168 4.
381 2074 474 2149 haud
500 2072 647 2148 obscure
673 2072 869 2166 indicatur,
894 2098 998 2163 eum,
1046 2102 1090 2152 ua
1112 2075 1303 2170 Judaeum,
1325 2076 1392 2157 fibi

169 2172 298 2247 abilin
318 2170 523 2245 adoratione
542 2168 784 2246 abstinendum
808 2170 878 2247 effe
897 2101 1066 2249 censuide
1077 2198 1089 2265 3
1115 2196 1187 2249 non
1208 2169 1326 2269 itaque
1344 2198 1392 2251 ex

171 2268 259 2343 odio
277 2268 314 2341 in
334 2286 479 2365 gentem
504 2266 803 2354 Amalekitanrnr‚
837 2266 862 2343 fi
890 2271 949 2343 vel
974 2270 1057 2345 inde
1085 2269 1204 2347 fuisset
1229 2270 1396 2363 Hamun,

174 2384 243 2439 nec
266 2388 308 2439 ex
331 2360 588 2454 aemulatione,
614 2382 676 2438 aut
700 2363 855 2455 invidia,
880 2364 969 2440 sicut
991 2368 1151 2441 nonnulli
1179 2364 1395 2463 opinantur,

171 2460 231 2535 sed
248 2484 291 2536 ex
306 2459 488 2557 principio
505 2459 569 2533 reli
598 2458 709 2548 'onim
735 2460 829 2556 quod
852 2462 989 2569 Judaeo
1008 2460 1082 2535 sese
1100 2484 1218 2537 coram
1243 2460 1394 2540 homine
1522 2551 1525 2554 g

197 2555 411 2648 rostemere,
446 2554 505 2652 qui
529 2580 574 2653 ge
607 2580 646 2629 ur
667 2554 883 2629 adorationis
908 2554 1118 2646 videbatur,
1135 2555 1202 2631 sau
1225 2578 1302 2631 non
1326 2557 1391 2633 srt:

169 2580 264 2729 sorte
288 2676 356 2727 nec
380 2674 497 2726 coram
513 2649 594 2748 ipso
617 2674 702 2748 rege
723 2650 843 2726 solitus
859 2671 937 2728 erat
951 2650 1036 2727 illud
1051 2650 1191 2743 faeere3
1217 2674 1304 2763 rege
1327 2654 1393 2752 Ju··

168 2750 297 2825 dueum
319 2749 504 2823 excusante
545 2765 668 2845 ropter
683 2746 903 2845 religionem
948 2746 1066 2824 Retle
1088 2772 1134 2825 an
1149 2749 1239 2825 male
1263 2768 1314 2827 rta
1335 2752 1396 2850 ju·

169 2842 348 2921 dicaverit
369 2772 646 2955 Mordacdaens,
671 2865 764 2952 pune
787 2866 862 2919 non
886 2843 1048 2955 disputo,
1080 2867 1149 2953 nec
1173 2846 1281 2923 etiam
1306 2870 1394 2923 num

168 2941 379 3045 prudentiae
400 2940 569 3017 litaverit.
617 2942 751 3038 Utrque
775 2940 1026 3039 srpraemdete
1040 2941 1232 3037 potuisset,
1256 2944 1395 3021 Hamu-

168 3064 252 3115 nem
278 3038 434 3115 firrorem
463 3037 504 3114 in
527 3054 639 3111 totam
662 3055 805 3135 gentem
831 3035 1012 3207 pudaicam
1044 3056 1235 3135 propterea
1260 3040 1394 3119 effuso·

169 3160 245 3213 rum
269 3134 362 3225 ess'e,
386 3154 448 3211 ant
475 3158 596 3231 regem
622 3132 667 3207 ad
690 3156 765 3207 eam
788 3134 832 3209 de
845 3132 972 3207 endam
989 3156 1199 3230 permovere
1214 3135 1392 3230 potuisse,

168 3234 209 3308 ab
236 3231 466 3329 inprudentia
488 3228 700 3304 excusandus
719 3230 782 3305 vix
808 3229 922 3306 foret:
949 3228 1242 3327 quemadmodum
1258 3226 1393 3325 etiam,

168 3328 351 3440 postquam
367 3326 499 3403 factum
516 3322 712 3419 intellexit,
737 3326 870 3402 summa
885 3326 958 3402 fuit
980 3322 1138 3401 anteum
1164 3319 1325 3418 tristitia,
1350 3346 1394 3404 et

165 3444 354 3503 anxietate.

233 3582 242 3600 .
268 3519 549 3597 CCCLXXVII.
580 3516 763 3595 Succurrit
788 3516 930 3593 tandem
956 3514 1103 3607 Esther,
1127 3532 1167 3590 et
1190 3514 1391 3614 periurum

164 3614 199 3719 lp
212 3648 250 3711 1,
266 3638 304 3693 et
320 3618 456 3716 populo
467 3614 621 3713 Judaeo,
641 3613 816 3689 inminens
833 3611 1011 3723 advertit,
1035 3609 1210 3705 excitam
1235 3633 1273 3689 et
1290 3614 1388 3713 quau

167 3720 345 3817 adjurata,
368 3710 649 3787 aMordachaeo
662 3710 779 3827 ;·qui‚
808 3733 889 3784 cnm
904 3708 992 3807 rpsi,
1043 3728 1160 3785 meter
1174 3710 1257 3787 alias
1274 3712 1388 3787 ratio·

166 3834 227 3891 nes
243 3828 452 3900 moventes,
478 3832 498 3882 a
515 3808 685 3900 crimine,
702 3830 775 3903 quo
789 3806 861 3881 sese
881 3828 1000 3883 coram
1056 3828 1102 3879 eo
1118 3810 1212 3896 rto
1227 3806 1363 3884 faceret

164 3904 499 4007 fitergiversaretur
512 3928 633 4003 regem
651 3902 769 3993 adire,
794 3922 832 3977 et
847 3927 867 3978 a
882 3902 1021 3999 judicio
1044 3901 1192 3995 divino,
1217 3901 1300 3976 ideo
1317 3901 1386 3978 srbr

165 4026 199 4081 et
217 4002 339 4081 domui
361 4002 441 4077 suae
458 4000 674 4098 infligendo,
701 3999 854 4096 petitas,
881 4018 923 4073 et
938 4000 1034 4075 lranc
1048 4000 1185 4098 legator
1200 3996 1389 4092 protulisse
1525 4034 1529 4047 ι

165 4126 202 4178 c.
228 4102 296 4179 1V:
329 4122 385 4175 12.
411 4098 506 4195 quod
522 4101 557 4169 irr
580 4100 669 4171 domn
685 4102 771 4193 regis
798 4094 887 4197 (Μ
913 4096 1010 4175 eninr
1026 4095 1078 4173 ibi
1104 4092 1156 4169 est
1178 4116 1246 4189 pro
1262 4093 1389 4186 mn,

165 4199 281 4275 littera
302 4193 417 4295 praef.
443 4200 471 4271 ³
491 4215 557 4292 per
582 4192 785 4290 sequentem
810 4190 1022 4289 deficiente)
1046 4215 1108 4267 not
1126 4185 1178 4279 fir
1200 4189 1387 4285 eripienda,

166 4296 226 4370 sed
248 4294 398 4369 eandem
423 4292 555 4366 sortem
579 4314 652 4366 cum
674 4297 818 4367 muribus
837 4291 980 4387 Judatt's
996 4282 1224 4394 struiturffli
1246 4284 1387 4391 liuma-

163 4392 222 4487 nit
252 4390 394 4473 consiliu
425 4384 595 4466 effetum
625 4386 841 4557 sortiaptun
879 4384 1068 4485 significatu
1098 4376 1386 4549 wlffir’
1488 4462 1496 4473 Ι

165 4508 170 4517 ’
767 4502 865 4574 aeq
1332 4494 1393 4555 tm
