3575 5884
616 1242 620 1249 ·
711 1194 1029 1307 Petiodttssoitta.
1112 1228 1148 1259 ··
1229 1167 1234 1176 Ι
1425 1182 1493 1292 1'13'

300 1378 394 1455 litulo
442 1380 615 1480 rophetae
648 1368 844 1474 incluserit,
884 1400 922 1456 et
954 1382 1027 1480 ejus
1056 1376 1164 1480 pedet
1195 1371 1517 1485 tenacitct'com·.

301 1402 513 1571 prehenderit.
563 1479 745 1571 Alterum,
792 1479 864 1554 uod
887 1477 1058 1569 observo,
1081 1473 1283 1550 admodum
1307 1471 1494 1577 resuscita-'¹

298 1569 384 1645 tionis
416 1572 545 1648 tertius
583 1574 740 1674 intellige
791 1599 849 1650 um
887 1574 1065 1671 pertinet,
1104 1591 1142 1645 et
1173 1571 1298 1661 habet,
1338 1570 1495 1643 verbum·

301 1669 359 1743 'til
381 1695 411 1744 v.
436 1693 494 1765 34.
526 1671 587 1743 ubi
612 1672 722 1762 Elisa,
752 1673 855 1770 super
877 1693 990 1769 puero
1015 1693 1089 1743 non
1112 1687 1248 1742 tantum
1271 1662 1409 1741 cubasse
1432 1661 1485 1738 di·

298 1764 385 1856 citur,
406 1767 462 1839 sed
487 1783 525 1837 et
549 1766 642 1843 nlla*
657 1766 759 1865 super
781 1793 837 1857 to,
868 1767 984 1841 nrinus
1007 1762 1243 1853 intellectum,
1267 1762 1348 1853 hic,
1380 1779 1420 1837 ut
1443 1760 1484 1835 in

298 1856 416 1937 historia
436 1860 537 1934 Eliae
565 1864 656 1936 1Re
682 1920 691 1937 .
716 1864 856 1938 XVIII:
879 1885 940 1955 42.
964 1862 1107 1951 notavi,
1132 1857 1290 1934 exserere
1315 1860 1389 1935 vim
1413 1861 1491 1955 agi·

299 1959 384 2046 tandi,
420 1976 457 2030 et
483 1956 624 2031 adversa
655 1888 775 2059 stante
809 1956 1062 2057 congrediendi
1095 1979 1176 2030 cum
1206 1955 1250 2029 ali
1275 1981 1340 2046 uo,
1405 1977 1485 2029 uam

299 2053 368 2144 apud
386 2054 491 2127 Arab.
516 2053 643 2144 habet,
675 2053 857 2165 inspecte
881 2070 986 2157 utrem
1009 2053 1053 2126 ad
1075 2054 1241 2149 butyrum
1252 1980 1488 2141 qfaciendum,

283 2145 426 2245 -adeoque
441 2146 577 2223 sensum
593 2148 683 2241 effe,
708 2150 855 2241 Ehsam,
880 2148 1040 2223 cubando
1055 2146 1157 2242 super
1172 2170 1340 2243 puerum,
1366 2146 1422 2235 se,
1446 2166 1486 2220 et

301 2241 384 2335 ipsum
405 2244 546 2334 secum,
566 2243 730 2342 agitasse,
754 2263 896 2322 etcum
913 2269 958 2318 eo
981 2241 1073 2340 quasi
1088 2240 1317 2341 congressum
1330 2242 1419 2331 elie,
1443 2240 1490 2315 ad

300 2336 422 2414 olorem
446 2338 485 2413 in
510 2339 587 2449 ipso
608 2340 857 2433 excitandum
893 2339 952 2414 Ad
975 2342 1119 2436 scopum
1135 2337 1245 2436 magis
1266 2338 1381 2428 facit,
1397 2361 1485 2411 non-

300 2434 384 2525 nulla,
419 2435 463 2509 ad
488 2434 614 2511 Elrsam
638 2438 873 2533 pertinentia,
911 2434 998 2510 hinc
1021 2435 1216 2534 collegisse:
1258 2435 1311 2534 uti
1339 2458 1368 2509 1.
1393 2430 1488 2534 quod

296 2530 368 2696 pud
385 2554 508 2631 regem
530 2550 569 2606 et
590 2530 698 2607 duces
719 2532 758 2609 in
780 2534 918 2609 honore
941 2526 1070 2622 fuerit,
1094 2557 1129 2606 v.
1159 2556 1213 2626 13.
1242 2557 1273 2607 2.
1298 2532 1384 2608 fixas
1407 2530 1487 2629 qui-¹

315 2648 357 2700 en
375 2626 411 2703 in
431 2646 558 2703 monte
588 2628 747 2705 Carmelo
769 2629 866 2706 seder
887 2627 1070 2718 hahuerit,
1110 2647 1264 2701 attamen
1288 2648 1414 2700 terram
1440 2627 1489 2699 Is

296 2721 464 2799 nclitioam
479 2723 653 2798 continuo
667 2725 930 2838 peragraverit,
953 2723 1044 2800 etin
1065 2723 1184 2822 specie
1201 2722 1333 2799 scholas
1356 2724 1393 2794 in
1410 2723 1489 2824 Gil·'¹

293 2818 369 2911 ple,
391 2840 431 2892 et
447 2816 709 2913 Hierichunte,
733 2820 948 2910 visitaverit,
972 2846 1008 2895 v.
1035 2827 1069 2911 8,
1093 2843 1127 2910 9.
1176 2821 1313 2893 Domus
1329 2819 1488 2894 Sunami-

291 2913 360 2990 tidis
381 2935 456 2993 erat
478 2914 515 2988 in
540 2912 670 2989 itinere
692 2943 713 2992 a
737 2918 899 2992 Carmelo
922 2914 965 2989 ad
990 2916 1182 3013 Gilgalem,
1208 2937 1245 2989 ct
1271 2915 1351 2990 vice
1375 2914 1486 2994 versa.

292 3031 318 3104 3.
339 3007 429 3084 Elisa
443 3007 537 3084 stato
560 3009 702 3105 diebus,
725 3012 858 3088 sabbati
882 3031 921 3087 et
936 3011 1110 3086 novilunii
1135 3011 1315 3107 inprimis,
1341 3012 1486 3086 admise-

288 3104 325 3179 rit
376 3104 593 3203 uoscunque,
633 3109 741 3184 etiam
771 3129 916 3199 coetus,
955 3108 1245 3201 adducendum,
1287 3128 1324 3180 et
1346 3109 1489 3186 consrlia

285 3130 440 3293 dandum,
463 3226 501 3276 v.
527 3223 585 3297 23.
609 3203 797 3310 'Denique
820 3228 855 3297 4.
880 3202 973 3310 quod
1003 3226 1074 3276 non
1100 3202 1206 3277 suerit
1229 3224 1403 3302 perpetuo
1427 3230 1488 3303 ga·

287 3298 366 3373 visus
395 3297 538 3371 influxu
567 3295 709 3375 stritus
773 3299 981 3397 rophetic1:
1029 3299 1143 3373 casum
1178 3300 1279 3398 pueri
1313 3300 1489 3376 funestum

285 3391 347 3490 ipse
372 3391 529 3468 declarat
552 3322 615 3469 fidi
638 3418 712 3472 non
749 3395 836 3471 uine
859 3395 1101 3485 notificatum,
1127 3396 1219 3469 milit
1243 3419 1382 3492 quoque
1405 3395 1492 3468 frus·

285 3504 347 3580 tra,
377 3488 475 3563 forte
498 3507 536 3577 et
558 3490 851 3589 praecipitanter,
878 3491 1034 3583 Gehazi,
1058 3491 1254 3565 ministrum
1278 3490 1393 3578 suum,
1423 3496 1492 3566 una

285 3608 357 3659 nnn
378 3586 495 3661 baculo
519 3581 581 3660 suo
602 3585 645 3659 ad
668 3612 815 3685 puerum
838 3587 1045 3677 sanandum,
1068 3612 1103 3660 v.
1132 3607 1188 3674 29.
1214 3584 1306 3656 forte
1331 3584 1411 3683 quia
1425 3586 1490 3687 ptr-²¹

285 3680 385 3770 tavit,
408 3703 494 3755 eum
517 3681 673 3756 nondum
688 3682 788 3758 fuisse
811 3702 1008 3772 mortuum,
1033 3684 1082 3755 ita
1105 3701 1144 3754 ut
1160 3680 1295 3756 necesse
1320 3705 1392 3759 non
1409 3708 1496 3760 cen«

281 3777 382 3854 suerit
406 3800 452 3850 eo
475 3776 559 3883 ire..
588 3776 670 3874 Quo
695 3779 802 3853 etiam
825 3779 930 3869 facit,
964 3777 1058 3878 qood
1081 3777 1277 3852 ministrum
1308 3799 1402 3855 tanta
1426 3808 1491 3856 vo·

280 3873 382 3949 luerit
404 3871 457 3944 uti
480 3869 736 3965 festmatione„
750 3893 790 3949 ut
812 3898 876 3971 per
898 3874 992 3950 viam
1016 3874 1196 3949 neminem
1221 3876 1399 3966 salutaret,
1424 3902 1492 3952 nec

280 3967 425 4064 alicujus
448 3964 687 4044 salutationem
710 3969 936 4045 admitteret:
967 3993 1037 4067 quo
1060 3970 1150 4045 nihil
1172 3971 1262 4044 aliud
1286 3997 1327 4045 ac
1353 3972 1493 4047 festina·

280 4067 330 4137 tio
354 4061 579 4161 significatur.
628 4086 662 4155 5.
688 4068 704 4137 1
731 4067 765 4141 sa
793 4087 882 4138 vero
906 4065 1106 4141 miraculosa
1136 4067 1311 4141 suscitatio
1336 4068 1421 4141 sicut
1446 4070 1492 4144 de

282 4158 531 4257 spirituEliae,
548 4159 746 4257 superEhsa
762 4184 801 4234 re
826 4159 1024 4252 uiescente,
1050 4163 1254 4253 testabatur,
1272 4163 1402 4264 quippe
1412 4171 1493 4248 cum

281 4258 354 4352 ejus
383 4253 551 4328 miraculo
592 4256 720 4355 1Reg.
754 4259 787 4331 X
828 4260 893 4334 111.
933 4261 1182 4357 comparanda,
1232 4262 1281 4333 ita
1311 4283 1356 4332 eo
1386 4264 1494 4341 etiam

279 4349 442 4450 spectasse
473 4348 637 4442 videtur,
662 4372 702 4425 ut
724 4352 851 4450 dogma
875 4356 1148 4436 resuscitationis
1170 4375 1390 4433 mortuorum
1413 4363 1492 4458 pio&

277 4473 354 4525 rum
376 4445 503 4520 animis
525 4447 625 4521 altius
647 4448 862 4546 infigeretur.

350 4601 358 4616 .
382 4542 517 4617 CXIV.
552 4544 715 4635 Tertium,
740 4543 946 4659 ingratiam
969 4549 1108 4623 scholae
1130 4547 1382 4646 propheticae,
1416 4546 1505 4648 Gilf

330 4662 361 4728 ⁴e
393 4636 548 4735 fartum,
583 4638 687 4733 filum
716 4641 770 4722 est
798 4668 838 4724 ln
862 4645 988 4744 jusculi
1021 4643 1240 4743 (verterim
1263 4645 1337 4721 *vll
1373 4642 1410 4715 in
1434 4668 1496 4742 ge·

317 4731 414 4842 ‚Tm
439 4734 493 4817 ll.
919 4740 947 4819 P
1414 4762 1499 4833 uero
