3575 5884
533 674 535 678 ¹
631 690 784 767 Periodus
808 688 949 794 Quinta.
1344 714 1412 789 271

154 890 169 959 '5
215 862 280 944 lius
309 858 374 946 soli
400 869 631 948 Herodoteae
661 872 870 968 adsurgunt,
912 869 998 944 licet
1033 893 1113 945 cum
1147 867 1261 970 aliqua
1285 868 1413 946 discre-

210 968 321 1067 pant'n,
368 969 491 1058 Mihi,
518 992 565 1043 ne
583 971 643 1061 lon
671 968 763 1042 ‘oren
785 968 848 1042 lric
865 967 1003 1043 uetiam
1022 989 1158 1060 morae,
1181 967 1249 1043 hae
1262 972 1415 1044 maxime

206 1058 354 1161 rdrident
375 1064 635 1165 lrypotltelen,
684 1060 785 1139 orliii
809 1063 963 1139 maxime
985 1062 1183 1157 consonae,
1217 1086 1307 1165 quae
1398 1150 1406 1161 ,

202 1151 348 1249 fiat-in
369 1158 522 1251 eruditis
543 1161 621 1259 εἰιιι
644 1158 957 1237 Differtationibua
980 1157 1019 1236 in
1044 1158 1213 1237 Fascicul.
1237 1163 1306 1259 geio

199 1254 254 1333 ili
297 1254 638 1365 Quinimmo,
680 1276 851 1357 quantun
882 1256 927 1333 nd
958 1254 1287 1333 scoumnostrum
1318 1278 1416 1334 nune

154 1400 157 1439 :
194 1352 384 1459 pertinet,
425 1352 499 1447 est,
541 1355 737 1430 Medorum
761 1354 805 1429 ad
828 1351 979 1453 Allyriit
1031 1348 1267 1445 emmonem,
1308 1354 1371 1454 qui
1509 1438 1514 1449 ,

190 1468 235 1551 pn
261 1452 338 1543 '¹56
366 1470 479 1525 annon
501 1468 584 1560 ante
608 1447 800 1549 Astyagen
821 1472 843 1524 a
868 1454 965 1551 Cyro
990 1445 1173 1525 deridium
1197 1448 1345 1544 indiam,
1370 1376 1426 1529 de

188 1558 258 1661 'no
272 1542 420 1645 postet,
445 1544 770 1651 contimll'eanna
814 1546 1026 1638 oHizkiae,
1050 1568 1121 1644 quo
1137 1545 1416 1643 Senecheribun,

255 1660 346 1719 ente
373 1641 432 1719 illa
455 1640 746 1733 cladeadfediut,
794 1642 853 1717 ein
879 1641 1001 1717 afiliis
1025 1638 1182 1731 occisus,
1207 1656 1245 1714 et
1265 1664 1417 1740 regnum

313 1740 497 1815 mtbntnm
519 1734 593 1830 est,
617 1736 698 1815 ansa
722 1736 934 1814 defectionis
950 1736 1034 1812 inde
1050 1756 1212 1834 arrepta,
1236 1736 1295 1811 sed
1312 1760 1417 1834 quam

185 1824 235 1915 ib
258 1850 520 2007 eumne,
544 1856 616 1933 quo
640 1833 862 1909 Salnranallar
882 1834 1016 1909 Medon
1039 1831 1078 1911 in
1097 1851 1226 1908 terram
1251 1833 1417 1909 Israelitis

184 1954 292 2021 eam,
431 1950 484 2007 tan
507 1931 547 2006 in
570 1928 732 2006 Mediam
756 1928 1028 2028 transportavit,
1050 1930 1122 2030 jam
1147 1929 1185 2005 in
1210 1931 1330 2004 animo
1354 1930 1418 2008 ha·-

185 2026 308 2108 mine
327 2024 514 2119 ridentur,
541 2025 766 2126 tyrannidem
791 2025 907 2119 illam,
931 2046 970 2103 et
986 2025 1150 2124 injuriam
1173 2022 1237 2101 fibi
1263 2025 1423 2121 fatiam,

190 2118 345 2225 amptius
358 2136 433 2199 non
447 2123 629 2214 ferentem
647 2141 834 2221 praeterea
847 2122 974 2199 eodem
992 2141 1155 2222 tempore
1169 2122 1295 2220 jugum
1313 2122 1416 2224 Asty·

155 2270 162 2281 =
188 2218 328 2297 rincum
352 2235 526 2297 annuere
638 2226 686 2294 'ue
701 2218 859 2319 coepille
873 2219 1106 2317 Babylonios,
1132 2217 1285 2316 indeque
1301 2236 1419 2297 ortam

189 2316 264 2395 effe
287 2314 509 2415 legetionem
530 2242 794 2425 similiarium,
833 2330 1020 2412 praetextu
1049 2312 1190 2410 quidem
1207 2313 1418 2430 ‘inquirenji

187 2410 231 2495 ln
253 2410 500 2499 miraculosam,
522 2413 669 2489 umbrae
690 2410 784 2487 Solu
811 2408 1122 2501 retrocessionem,
1158 2434 1257 2508 cujus
1279 2430 1418 2490 menne

190 2510 236 2588 in
249 2505 495 2603 lindum„
519 2506 579 2583 sed
603 2528 692 2582 vere
708 2504 890 2582 amicitiae
914 2525 952 2580 et
968 2503 1147 2582 societatis
1169 2528 1251 2583 cum
1274 2532 1321 2583 eo
1338 2509 1417 2585 ine·-

190 2602 331 2697 ιιιιιίιο,Ι
344 2602 396 2679 'nd
411 2626 470 2679 rea
483 2602 559 2679 snat
579 2601 786 2694 linnandat,
809 2622 920 2701 ergo;
945 2617 988 2675 ut
1010 2600 1050 2678 in
1075 2601 1156 2679 Lib.
1181 2602 1239 2679 Re
1266 2662 1274 2679 .
1299 2602 1417 2683 innui·-

191 2718 272 2795 tur,
296 2698 361 2777 nni
384 2697 424 2777 id
446 2696 579 2777 inditam
601 2696 672 2774 elle
693 2696 843 2775 traditur
859 2698 903 2773 ad
918 2696 1074 2773 Hizkiae
1094 2698 1198 2800 super
1294 2702 1420 2780 tudine
1470 2730 1472 2734 ·

191 2814 337 2899 recepta
352 2794 612 2897 gemundum
637 2817 709 2893 quo
735 2794 843 2870 etiam
868 2793 999 2871 ducere
1023 2793 1186 2889 videtur,
1213 2797 1308 2895 quod
1326 2798 1420 2873 Hiz·

192 2892 272 2989 lia,
292 2890 340 2970 ad
364 2889 565 2990 potentiam
588 2890 683 2967 suam
703 2890 921 2990 peanum,
947 2913 1070 2967 omnes
1094 2893 1170 2968 suae
1193 2915 1282 2988 open
1300 2910 1340 2964 et
1356 2916 1418 2967 eo·

220 2990 231 3009 ”
383 2988 432 3063 tis
454 2985 713 3064 monstraverit.
760 2985 926 3087 Denique
943 2987 1250 3078 Asarhaddonem,
1276 2986 1335 3082 qui
1356 2990 1419 3061 Se·

195 3014 340 3165 meri
366 3109 391 3160 ο
423 3080 601 3174 sncceffit,
644 3082 715 3159 esse
747 3081 1034 3181 Sardanapalum,
1078 3105 1166 3178 quae
1193 3080 1316 3155 eadem
1343 3082 1421 3161 fere

199 3184 273 3261 Mt
296 3179 465 3273 uomitu,
487 3178 605 3256 virum
630 3179 853 3271 bellicosum,
878 3179 938 3277 qui
956 3203 996 3253 re
1045 3200 1105 3251 um
1122 3175 1341 3278 Affyriacum
1358 3181 1423 3258 ali·

198 3278 349 3381 quandiu
379 3275 495 3353 adhuc
520 3276 590 3350 fuit
618 3275 747 3370 tuitus,
789 3276 841 3350 ita
864 3295 905 3350 ut
929 3277 975 3350 M
1022 3273 1032 3289 '
1059 3294 1152 3368 non,
1194 3272 1259 3352 nifi
1287 3283 1311 3352 6
1337 3302 1420 3358 ann.

278 3430 293 3469 ,
322 3396 473 3470 regnum
489 3371 736 3464 fundaverint,
762 3370 816 3446 uti
860 3369 957 3447 ostea
980 3370 1139 3468 patebit,
1164 3368 1223 3449 ubi
1241 3373 1286 3448 de
1304 3399 1421 3474 regno

236 3473 391 3549 edorum
413 3492 534 3569 agam,
560 3487 598 3544 et
613 3467 797 3568 Babylonii
821 3395 1037 3567 aiiquatenun
1051 3468 1193 3565 reprelli
1215 3468 1302 3564 smt,
1328 3494 1397 3546 nec

200 3567 256 3646 nili
276 3584 429 3643 mortuo
448 3563 719 3657 Aurhaddone,
762 3579 868 3663 caput
929 3562 1087 3638 otuerint
1122 3567 1302 3642 extollere.
1351 3569 1420 3642 Cur

200 3666 303 3743 robur
325 3658 474 3739 accedit‘
490 3684 537 3737 ex
560 3685 626 3751 eo,
653 3659 746 3757 quod
769 3658 864 3733 inter
893 3588 1014 3761 deget
1034 3659 1287 3739 Chaldaeorum
1306 3659 1345 3771 in
1361 3686 1421 3741 ca·

201 3780 290 3837 none
306 3756 516 3835 Ptolomaei
531 3775 694 3832 occurrat
707 3755 952 3848 Alandrus,
977 3755 1060 3857 qui,
1085 3776 1125 3834 ut
1142 3756 1264 3862 postea
1279 3756 1421 3855 ducam,

261 3858 274 3933 i
314 3854 445 3931 illimus
460 3852 707 3944 Asarhaddon,
731 3874 800 3928 nec
827 3876 901 3930 non
928 3853 1021 3953 quod
1039 3854 1220 3943 Mamm,
1247 3853 1423 3931 luccellor
1456 3903 1458 3909 -

154 3912 159 4051 d
198 3856 247 4033 ff
294 3953 373 4044 ae,
412 3951 549 4051 legatur
572 3974 592 4026 a
616 3970 701 4049 rege
728 3947 890 4050 All'yriae
923 3953 1086 4027 Babelem
1113 3946 1289 4028 abdudius.
1336 3952 1424 4027 Nee
1483 3941 1485 3944 ⁴
1590 3956 1592 3959 ’

196 4048 330 4141 ubilat,
346 4048 633 4146 Sardanapalum,
659 4066 741 4121 cum
755 4070 827 4146 quo
845 4045 1225 4160 regnumAllyriaqmn
1239 4045 1423 4161 concidit,
1478 4070 1480 4075 ·

197 4144 353 4249 depingi
369 4163 535 4247 unquam
556 4142 697 4228 molem
711 4160 759 4237 ,et
782 4143 1076 4315 effoeminatuma
1107 4162 1190 4243 qua
1211 4143 1297 4225 allud
1322 4139 1424 4216 fabu-

774 4240 807 4314 ι
851 4260 878 4335 4
1310 4234 1423 4325 losum
1533 4238 1541 4249 ’
