3575 5884
181 617 186 923 Ι
725 934 731 945 Ι
1457 918 1459 923 .

692 950 699 970 i

283 1142 366 1219 -324
635 1116 781 1216 Idstoria
805 1112 1043 1215 Ecclefiastici
1065 1117 1108 1192 V.
1134 1114 1173 1189 T.

294 1324 366 1397 quo
390 1298 625 1412 postea„·non
650 1297 791 1393 quidem
815 1296 926 1393 major
950 1315 1054 1387 natu,
1079 1296 1137 1369 sed
1156 1294 1420 1393 primogenitus
1433 1298 1511 1370 Da·

287 1397 361 1486 rii,
383 1421 455 1492 Jam
479 1395 589 1491 regis,
615 1393 707 1465 unde
730 1393 772 1465 lis
798 1391 890 1465 inter
919 1391 1041 1485 ¹fratres
1060 1392 1201 1488 quidem
1219 1412 1321 1481 nata,
1342 1393 1504 1489 'sed'pru·

288 1491 418 1565 denter
435 1511 471 1563 et
488 1490 642 1562 feliciter
659 1490 808 1578 aPatre,
829 1489 867 1560 in
885 1488 1044 1562 favorem
1061 1487 1208 1578 Xerxis,
1227 1511 1307 1560 coni
1337 1487 1426 1560 osita
1437 1486 1504 1563 est.

212 1622 231 1649 s
290 1586 467 1683 J'raestitit
484 1585 553 1657 sese
577 1584 777 1681 principem
794 1585 1002 1681 superbum,
1027 1584 1271 1672 ambitiosum,
1365 1584 1400 1656 ul
1428 1607 1502 1655 cru·

292 1682 425 1769 delem,
451 1700 486 1768 et
510 1684 669 1768 varium3
694 1704 840 1776 regnum
867 1701 991 1753 contra
1012 1681 1155 1752 rebelles
1180 1679 1392 1774 AEgyptios
1409 1677 1500 1772 resie

286 1774 431 1870 ¹quidem
456 1775 565 1848 tuitus
590 1775 659 1864 est,
685 1799 745 1847 eos
772 1774 808 1847 in
835 1774 1022 1848 arbiiorem
1046 1773 1266 1870 disciplinam
1286 1772 1498 1871 redigendo,

288 1891 326 1942 et
350 1871 551 1953 Achmaeni
575 1870 674 1944 fratri
699 1870 868 1942 tradendo
886 1871 1152 1968 gubernandos,
1175 1870 1233 1943 sed
1249 1889 1377 1944 contra
1396 1870 1497 1943 Grae·

286 1987 350 2038 cos
375 1967 522 2056 infelix,
547 1986 585 2039 et
610 1991 722 2064 regno
740 1964 875 2038 funesta
903 1967 973 2038 suit
1000 1967 1204 2060 expeditio,
1228 1987 1313 2038 ann.
1328 1965 1433 2065 regni
1448 1972 1495 2039 ore

285 2063 348 2149 uel
373 2085 445 2157 ymo
470 2062 646 2157 suscepta,
672 2080 711 2135 ut
734 2062 869 2134 cladem
891 2063 998 2134 Perlis
1023 2061 1089 2134 sub
1109 2061 1224 2133 Dario.
1250 2059 1381 2134 illatam
1406 2085 1494 2159 repa·

284 2178 404 2249 taret,
430 2159 570 2253 duplice
589 2157 755 2247 nomine,
775 2181 858 2247 uno,
880 2159 973 2253 quod
988 2181 1113 2255 magna
1130 2180 1210 2228 cum
1229 2155 1328 2229 clade
1345 2156 1515 2254 etignoq.

283 2256 397 2329 ininia
421 2253 564 2326 domum
590 2252 757 2341 redierit,
796 2276 840 2324 co
867 2255 911 2325 iis
933 2254 1086 2348 primum
1111 2251 1205 2325 inter
1227 2251 1436 2326 sanmmem
1461 2253 1495 2325 et

285 2349 490 2449 AEginain,
513 2348 679 2457 prudenti
708 2279 956 2447 Tliemiiioclis
972 2348 1116 2421 consilio
1140 2344 1241 2436 susis,
1265 2346 1410 2421 deinad
1424 2349 1492 2421 Pla·

176 2462 180 2472 ·
285 2465 381 2519 taeas
395 2447 584 2531 Boeotiae,
610 2442 669 2514 ubi
688 2438 917 2530 Mardonius,
943 2436 1014 2515 dux
1031 2443 1229 2532 Persarum,
1255 2443 1375 2516 caesus
1391 2443 1443 2519 est
1457 2445 1496 2518 ab

285 2537 440 2640 Aristide
457 2556 494 2610 et
511 2536 692 2625 Pausania,
717 2535 863 2609 ducibus
889 2539 1122 2626 Graecorum,
1147 2560 1234 2634 quae
1257 2536 1406 2615 historia
1421 2541 1496 2614 satis

283 2656 370 2713 nota
392 2631 464 2724 est,
495 2657 562 2708 nee
587 2632 630 2707 ad
653 2629 806 2706 nostrum
868 2632 999 2706 ertinet
1023 2632 1159 2723 sorum,
1192 2637 1297 2728 altero
1320 2658 1413 2708 vero
1435 2644 1493 2710 iio'

282 2732 401 2824 mine,
426 2729 523 2826 quod
545 2728 764 2803 occasionem
781 2726 854 2803 odii
880 2727 1104 2838 inexpiabilis
1121 2731 1336 2804 Graecorum
1362 2730 1493 2827 inPer·¹

281 2827 356 2914 sas,
387 2827 538 2918 indeque
569 2843 667 2897 ortae
692 2846 816 2896 eorum
846 2823 1083 2921 expeditionis
1107 2823 1149 2897 in
1170 2824 1287 2900 Persas
1309 2826 1372 2900 sub
1394 2826 1499 2903 Alex.

190 2981 195 2997 ,
278 2923 366 3009 M,
391 2919 610 3014 praebuerit,
637 2919 695 2993 vel
741 2921 1026 3013 raetextum,de
1051 2945 1120 3017 quo
1137 2944 1221 2994 mox
1245 2922 1346 3016 plura
1363 2921 1495 3013 dicam,

280 3013 464 3112 postquam
488 3012 531 3084 de
555 3013 690 3088 Babelis
714 2942 790 3085 iato
814 3037 878 3110 per
904 3014 1048 3090 Xerxen
1074 3016 1281 3112 exposuero.
1337 3017 1499 3110 Xerxes,

191 3110 195 3117 ’
280 3133 361 3183 cum
387 3106 540 3178 inmensa
564 3111 659 3182 clade
685 3127 722 3181 et
750 3107 989 3206 ignominiae
1019 3111 1168 3185 Graecia
1200 3111 1238 3184 in
1265 3137 1304 3186 re
1330 3136 1417 3187 num
1439 3138 1496 3187 re·

279 3204 400 3292 diens,
433 3202 589 3276 furorem
614 3204 652 3276 iii
684 3204 835 3300 Templa
863 3205 1080 3292 Graecorum
1104 3206 1142 3281 iri
1168 3207 1291 3281 Asiae
1347 3208 1422 3299 dit,
1454 3232 1494 3283 ea

278 3299 422 3376 diruens
449 3318 487 3371 et
509 3297 677 3394 spolians,
703 3317 892 3394 praetextu
915 3299 1056 3396 quidem
1082 3301 1145 3376 reli
1173 3300 1284 3392 ionis,
1319 3305 1365 3379 in,
1387 3302 1493 3380 Tem‘·¹

276 3399 348 3497 plis
371 3415 409 3471 et
434 3419 497 3492 per
522 3394 691 3494 imagines
716 3417 792 3467 non
821 3396 1061 3487 eieroendae,
1101 3421 1124 3472 a
1192 3396 1265 3493 agis
1299 3397 1500 3490 incitatus,

275 3495 363 3590 ,qui‚
390 3495 495 3565 solem
508 3512 549 3582 ,et
568 3490 689 3587 ignem
707 3487 811 3562 unice
828 3491 985 3566 colentes
996 3547 1014 3581 ,
1034 3493 1076 3564 ab
1094 3492 1254 3566 omnibus
1272 3492 1438 3590 Templis
1453 3492 1495 3572 ac

279 3587 467 3673 simulacris
482 3586 733 3675 abhorrebant,
760 3583 857 3658 secus
872 3610 913 3661 ac
931 3586 1046 3676 Sabii,
1071 3588 1108 3658 'et
1126 3586 1249 3683 reliqui
1266 3584 1499 3682 idololatrae,

274 3685 337 3759 sed
362 3703 454 3752 vere·
475 3705 520 3757 ex
549 3684 631 3755 odio
654 3685 691 3756 in
718 3684 893 3771 Graecos,
926 3701 963 3755 et
992 3680 1324 3784 cupiditate-opum
1342 3687 1498 3763 aedi-vi·

278 3781 427 3860 tiarum,
462 3777 586 3868 quibus
610 3779 759 3874 Templa
782 3777 910 3873 ubique
935 3777 1072 3852 referta,
1090 3797 1207 3867 erant,
1243 3798 1283 3852 et
1298 3799 1337 3852 iit
1364 3782 1492 3865 sumtus

278 3868 474 3957 inmensos,
503 3871 541 3943 iri
557 3874 648 3944 bello
665 3897 744 3947 eum
766 3871 911 3947 Graecis
925 3871 1056 3962 sartos,
1081 3892 1274 3968 repararet.¹
1317 3877 1402 3951 Hoc
1419 3873 1488 3953 stur

279 3973 341 4048 dio
366 3963 597 4041 inflammatus
622 3970 836 4064 Babylonem
858 3969 982 4059 venit,
1005 3988 1090 4041 tunc
1118 3966 1225 4041 etiam
1251 3967 1362 4044 rursus
1378 3970 1488 4054 rebel,

278 4075 369 4156 im,
394 4080 432 4134 ut
450 4082 493 4131 cx
512 4061 599 4134 Plut.
617 4064 775 4158 Apopht.
794 4083 913 4160 patet..
947 4066 1136 4159 Templum
1154 4089 1241 4137 vero
1259 4065 1355 4154 Beli,
1380 4084 1418 4139 et
1434 4090 1499 4141 ce·-

277 4184 353 4235 tera
371 4158 469 4246 sana,
496 4153 687 4247 subuertit,
713 4157 799 4229 teste
817 4158 960 4233 Arrian.
985 4162 1074 4256 Exp.
1101 4161 1203 4234 Alex.
1229 4160 1251 4232 li
1279 4163 1366 4237 vii.
1391 4187 1496 4258 prae-

278 4278 396 4339 terea,
422 4254 686 4357 armorumusu
710 4251 922 4341 interdislo,
952 4255 1067 4348 jussit,
1093 4273 1135 4330 ut,
1158 4254 1283 4332 fidibus
1309 4277 1347 4328 et
1371 4258 1497 4333 fistulis

270 4368 464 4436 ¹canerent,
503 4347 717 4420 lenocinium
743 4365 780 4416 et
805 4370 866 4418 cau
895 4370 998 4422 onam
1025 4368 1255 4439 exercerent,
1289 4374 1331 4427 ac,
1355 4355 1500 4443 tunicas-

277 4448 452 4546 gestarent
471 4443 636 4533 sinuosas,
662 4440 839 4514 referente
858 4372 946 4517 siut.
965 4447 986 4518 l.
1008 4470 1038 4519 c„
1065 4464 1103 4518 ut
1122 4443 1343 4519 effoeminati
1362 4449 1495 4528 fierent

272 4567 319 4630 ct
339 4538 537 4627 contemtia
554 4565 576 4617 a
592 4565 667 4649 quo·
679 4558 849 4643 tempore
876 4540 957 4619 iubs
979 4561 1157 4645 nunquam
1171 4539 1342 4624 refloruit.
1389 4546 1509 4632 cete*

270 4688 335 4719 v·
1054 4663 1056 4669 ’
1181 4673 1185 4679 ’
1420 4660 1507 4733 ‚1⁰1st
