3575 5884
1108 1216 1177 1289 -''
1252 1212 1933 1341 -Pfflodus'²·.Q·„ta.
2029 1204 2046 1217 '
2089 1212 2114 1225 '
2129 1205 2160 1277 ‘-
2692 1230 2844 1334 ΑΒ

449 1410 686 1490 domum
733 1410 1135 1489 solennibus
1182 1413 1508 1514 precibus
1554 1413 1790 1489 initiat
1808 1470 1829 1505 ‚
1895 1438 2062 1513 quas
2081 1471 2102 1504 ‚
2138 1410 2349 1513 flexis
2387 1419 2698 1513 genibus,
2758 1442 2835 1495 v.

444 1532 576 1599 521„
658 1530 731 1585 et
792 1515 1092 1601 manibus
1156 1508 1494 1607 expanfis,
1580 1510 1783 1607 super
1831 1512 2136 1585 rotundo
2184 1513 2389 1604 vase,
2467 1512 2584 1587 vel
2648 1510 2832 1605 bafi,

440 1605 579 1681 51³³
637 1631 675 1681 2
710 1609 975 1681 Chron.
1032 1606 1165 1681 VI:
1242 1629 1354 1700 13.
1420 1606 1682 1679 sumnia
1733 1629 1895 1679 cum
1945 1605 2332 1682 devotione
2357 1630 2615 1703 ,coram
2665 1625 2830 1681 toto

429 1704 667 1803 populo
698 1701 922 1774 fudit:
1022 1702 1223 1775 uibus
1276 1718 1469 1791 orat,
1532 1720 1613 1776 ut
1646 1701 1844 1773 Deus
1884 1701 2250 1801 promiffa,
2315 1700 2834 1791 Davidifaeia,

419 1799 701 1914 praestet
749 1797 826 1870 in
874 1820 971 1894 po
1032 1820 1270 1885 erum,
1322 1794 1495 1869 ficut
1542 1821 1634 1870 ex
1684 1815 1926 1893 parte,
1975 1797 2165 1893 quod
2216 1818 2450 1897 gratus
2482 1798 2834 1897 celebrati

476 1920 543 1968 m
599 1893 911 1982 fecerat,
950 1891 1067 1964 ·in
1114 1891 1351 1990 specie
1408 1891 1755 2002 respectu·
1784 1913 2182 2006 perpetuae
2232 1891 2690 1968 habitationis
2750 1890 2832 1967 in

409 1920 537 2065 banc
577 1989 789 2079 aede,
860 1994 949 2059 'et
980 1998 1241 2084 'preces
1288 1988 1534 2085 popuh
1583 1987 1660 2061 in
1706 2010 1829 2076 ea,
1909 1990 2023 2062 vel
2071 1986 2308 2060 versus
2354 2012 2505 2063 mm
2525 2045 2547 2079 ,
2614 1987 2830 2065 faeta:

407 2083 762 2173 exaudiat,
815 2081 1026 2155 variis
1070 2081 1493 2156 enumeratis
1542 2082 1848 2170 casibus,
1912 2083 1986 2156 in
2083 2084 2284 2155 uibus
2335 2081 2408 2156 id
2459 2082 2616 2158 fieri
2668 2084 2823 2182 sup-

448 2182 653 2255 licat:
706 2177 887 2252 vers.
946 2198 1259 2274 12—53.
1354 2176 1624 2251 Primus
1668 2176 1900 2264 casus,
1947 2201 2070 2273 qm
2121 2178 2298 2251 solus
2328 2178 2503 2275 quid
2543 2178 2828 2255 obscuri

446 2279 653 2363 abet,
704 2294 844 2345 nec
889 2271 1081 2345 reete
1131 2270 1430 2369 intelligi
1479 2272 1694 2361 solet,
1743 2274 1966 2345 verbo
2013 2271 2116 2346 est
2146 2271 2611 2360 illustrandus,
2661 2296 2824 2346 ver-

407 2376 487 2445 ba
533 2366 947 2442 exhibendo
985 2386 1063 2440 et
1122 2366 1537 2465 explicando
1558 2423 1580 2457 ,
1643 2390 1715 2441 V.
1772 2389 1811 2461 3
1828 2390 1887 2441 1.
1950 2366 2024 2471 fi
2068 2371 2206 2465 quis
2299 2372 2624 2443 eccarerit'
2675 2368 2832 2465 quid

403 2472 463 2540 in
508 2467 873 2563 proximum
900 2461 1143 2559 suum,
1191 2480 1295 2536 ut-
1326 2461 1429 2535 est
1476 2486 1516 2535 2
1548 2463 1809 2537 Chron.
1863 2464 1996 2536 VJ:
2054 2487 2166 2538 22.
2224 2386 2402 2563 gion
2453 2464 2824 2561 qualecun-

403 2580 570 2658 que,
618 2556 741 2632 sed
787 2580 1003 2654 grave
1050 2576 1127 2631 et
1172 2580 1462 2631 enorme
1508 2568 1917 2655 peccatum,
1971 2559 2072 2632 uti
2122 2558 2223 2631 est
2260 2583 2288 2632 1
2318 2559 2496 2634 Sam.
2535 2560 2626 2631 11:
2666 2552 2832 2654 25.)

412 2675 473 2731 et
510 2656 859 2752 protulerit
915 2658 985 2726 in
1023 2652 1228 2751 ipsum
1276 2658 1772 2749 inprecationem
1821 2657 1910 2726 ad
1954 2657 2403 2750 inprecandtem
2424 2710 2444 2743 ,
2513 2651 2829 2753 (scilicet

409 2754 612 2826 laesus
642 2747 723 2820 in
751 2748 1184 2838 laedentem,
1216 2748 1338 2844 qui
1370 2749 1741 2844 peccavit,
1791 2748 2368 2843 pronunciaverit
2398 2747 2629 2822 dirum
2665 2772 2826 2822 car·-

406 2872 602 2934 men,
684 2845 885 2938 quale
949 2844 1064 2917 lex
1116 2844 1259 2940 ipsa
1332 2843 1753 2941 pronunciat
1820 2844 2035 2918 Deut.
2088 2845 2396 2918 XXVII.
2494 2845 2818 2921 Verbum

402 2917 711 3032 mbr-tn&
752 2939 874 3013 hic
925 2938 1028 3012 est
1071 2941 1422 3035 adjurare,
1492 2941 1890 3035 juramento
1952 2938 2420 3013 execrationis
2471 2939 2816 3036 subjicere

409 3037 746 3131 aliquem,
827 3035 1133 3108 dicendo
1191 3037 1561 3109 malediftus
1605 3033 1703 3128 fit
1756 3054 1895 3108 etc.
1972 3059 2003 3107 1
2040 3038 2217 3108 Sam.
2272 3036 2476 3108 XIV:
2535 3033 2685 3132 24.)
2753 3054 2822 3110 er

402 3135 637 3206 venerit
684 3133 1037 3225 inprecatio
1086 3154 1300 3205 coram
1348 3133 1553 3204 altari
1598 3148 1706 3202 tuo
1755 3126 2059 3227 (seilicet
2159 3154 2236 3202 er
2278 3151 2524 3226 preces
2572 3154 2661 3203 eo
2696 3131 2818 3205 de-

409 3229 570 3316 lata,
607 3244 684 3298 et
722 3224 824 3298 ibi
856 3228 1062 3315 Deo,
1089 3224 1273 3322 justo
1302 3224 1525 3323 judici
1560 3249 1648 3300 ac
1680 3223 1952 3299 vindici
1987 3225 2096 3298 sce
2123 3249 2359 3313 erum,
2393 3224 2822 3321 commiss'a.)

403 3322 657 3419 Agitur
693 3319 785 3393 de
830 3321 1131 3395 crimine
1176 3319 1572 3410 atrociore,
1619 3322 1704 3395 ab
1738 3320 2046 3395 humano
2094 3320 2459 3409 tribunali,
2513 3346 2818 3418 quacun·

404 3441 529 3515 que
576 3417 669 3489 de
719 3416 957 3505 causa,
1022 3439 1167 3491 non
1215 3415 1616 3506 vindicato,
1675 3440 1821 3512 quo
1868 3418 2080 3491 laesus
2126 3417 2209 3489 ad
2259 3415 2572 3489 divinam
2624 3441 2824 3489 com-

406 3512 683 3608 pellitur
728 3509 1118 3608 confugere
1165 3510 1586 3600 vindictam,
1671 3535 1872 3607 quam
1918 3535 2046 3610 per
2111 3512 2184 3583 in
2237 3510 2628 3582 recationes
2679 3512 2817 3584 lae·

416 3608 607 3678 denti
632 3606 1052 3698 denunciat,
1102 3604 1268 3680 dein
1309 3630 1445 3717 per
1473 3629 1758 3704 preces,
1814 3604 1898 3681 ad
1943 3630 2128 3679 aram
2247 3601 2426 3692 etas,
2477 3606 2639 3677 Deo
2687 3629 2822 3679 no·

410 3701 653 3777 tificat.
702 3700 957 3806 Quaies
986 3701 1546 3798 inprecationes,
1582 3701 1918 3786 nomine.
2007 3718 2070 3787 κ
2096 3701 2384 3798 proprie
2420 3699 2542 3773 infi
2644 3701 2820 3792 itas,

404 3796 611 3872 fuisse
659 3793 926 3871 usitatas
971 3796 1161 3870 inter
1208 3795 1584 3886 Israelitas,
1650 3797 1809 3870 stitis
1855 3793 2143 3870 constat.
2236 3819 2307 3888 4.
2357 3797 2556 3870 Preci
2609 3824 2687 3872 us
2731 3798 2822 3874 fi-

405 3892 579 3966 nitis
630 3889 810 3964 redit
848 3890 936 3970 ad
997 3892 1260 3989 populo
1308 3892 1906 3980 benedicendum,
1972 3893 2168 3965 vultu
2209 3891 2293 3966 ad
2354 3916 2515 3966 eum
2567 3892 2815 3967 verso:

404 4014 473 4063 V.
526 3991 849 4078 54—61.
942 3988 1109 4095 Quo
1141 3988 1216 4062 in
1267 3989 1584 4062 sermone
1618 3991 1783 4060 Deo
1832 3988 1924 4058 ob
1954 3986 2280 4082 praestita
2327 3988 2653 4082 promiss‘a
2691 3990 2817 4060 be·

404 4083 714 4174 nedicit‚
799 4102 874 4157 et
923 4101 1191 4173 vovet,
1261 4102 1344 4157 ut
1394 4085 1591 4155 Deus
1636 4081 1808 4155 adlit
1870 4084 2177 4179 populo,
2255 4082 2510 4180 hicque
2556 4083 2634 4157 in
2682 4079 2824 4158 viis

404 4179 543 4255 Dei
587 4180 917 4255 ambulen
958 4212 967 4219 ·
1014 4180 1190 4252 Cum
1237 4202 1410 4253 vero
1444 4179 1681 4254 Deum
1725 4202 1797 4252 v.
1849 4184 1967 4268 56.
2018 4178 2287 4269 laudet,
2338 4180 2523 4275 quod
2554 4204 2652 4276 po
2703 4181 2828 4255 ulo

488 4280 665 4349 ierem
694 4274 1012 4364 dederit,
1063 4292 1141 4346 et
1187 4298 1277 4383 eo
1323 4272 1766 4383 prorniffum,
1869 4297 1947 4345 er
1977 4274 2237 4348 Mosen
2286 4274 2562 4365 datum,
2695 4273 2824 4352 isse

402 4370 1128 4554 ἓξιιιῗῃῗῌῗάξτῗιῖιέ
1180 4369 2168 4574 ῗεωῗιξὲιιέῐειξὶδέιὲἷιωςὲξέ
2203 4369 2820 4558 ᾳῖἓῑῗῃὲἓῐῐῗῐιεῗὶὶίἶ

397 4572 550 4649 tur,
602 4578 674 4632 et
720 4580 1099 4657 utrumque
1144 4577 1607 4656 promlttitur.
1762 4602 1802 4639 ·.
1979 4594 1993 4609 ·
2111 4608 2120 4613 -

490 4655 929 4822 {XXXIX
983 4678 1053 4749 5.
1103 4657 1267 4738 Hac
1318 4654 1641 4734 oratione
1695 4661 2045 4750 absoluta,
2101 4656 2479 4753 Templum
2528 4652 2662 4724 fuit
2691 4672 2817 4760 pet

428 4780 459 4812 ι’
550 4773 584 4822 θ

580 4774 665 4827 m.
714 4752 821 4826 II.
1594 4750 1658 4827 Ε
2438 4747 2775 4827 sacrifieia
2789 4801 2817 4852 ,
2923 4760 3113 5066 l
