3575 5884
660 1214 813 1301 amans
834 1207 976 1323 Quian.
1369 1215 1439 1319 td'g

204 1394 1439 1601 {liisstlltltitslttt‘lllsstsfstldtslamlf:

203 1606 310 1677 tare,
349 1604 388 1659 ct
413 1587 563 1661 deletam
593 1590 713 1685 lugere
743 1587 928 1663 debebant.
978 1590 1118 1665 Horum
1153 1610 1271 1665 autem
1300 1610 1437 1673 crurum

207 1682 392 1756 rationem
414 1708 435 1755 a
456 1684 541 1756 Deo
570 1682 692 1757 haberi
722 1706 831 1781 aegre
860 1706 934 1757 non
966 1687 1152 1793 oportebat
1183 1686 1277 1759 ferre
1308 1683 1436 1787 Jonas,

211 1777 274 1875 qui
299 1776 352 1849 sui
375 1800 395 1849 a
417 1780 502 1851 Deo
520 1776 642 1853 haberi
667 1776 843 1851 rationem
868 1776 907 1851 in
930 1774 1034 1852 ricini
1059 1780 1164 1854 salute
1187 1800 1257 1855 tam
1273 1779 1437 1853 ardenter

210 1872 406 1969 cupiebat:
425 1872 556 1945 fi-enim
570 1873 752 1971 proximus
765 1872 978 1947 amanduslit
994 1873 1100 1948 instar
1115 1875 1185 1965 sui,
1204 1876 1325 1971 utique
1342 1872 1436 1971 quod

235 1990 326 2041 onas
347 1964 411 2040 srbi
435 1968 513 2041 lieri
535 1970 699 2059 volebat,
737 1968 774 2047 id
795 1969 881 2055 aliis¹
903 1969 1065 2065 praestari
1097 1992 1169 2043 non
1199 1972 1262 2045 nili
1291 1968 1436 2047 absurde

259 2076 263 2081 ’
357 2080 550 2159 epoterat.
597 2066 652 2136 lix
675 2064 747 2136 hoc
767 2062 968 2159 principio,
993 2084 1090 2137 eteo
1115 2084 1247 2138 tantum
1265 2065 1434 2161 conspec-
1553 2098 1556 2103 ·

215 2182 277 2247 tu,
316 2162 440 2233 ricinus
466 2158 556 2231 milri
579 2158 630 2231 est
660 2158 832 2231 emblema
854 2158 959 2255 ipsius
981 2158 1156 2247 Ninivcs,
1189 2178 1226 2232 ct
1250 2162 1356 2255 Jonas
1379 2176 1434 2231 res

217 2252 415 2353 praesentat
438 2253 593 2328 subditos
615 2250 793 2341 ciiitatis,
833 2253 892 2327 scu
916 2252 1016 2351 regni
1042 2254 1159 2344 cives,
1200 2257 1260 2352 qui
1283 2254 1376 2327 inter
1400 2253 1436 2325 sc

215 2374 265 2423 eo
280 2348 521 2439 conveniunt,
544 2349 638 2445 quod
653 2350 760 2443 Jonas
781 2348 819 2419 in
841 2346 978 2439 ricino,
1004 2349 1053 2422 illi
1077 2350 1114 2427 in
1131 2350 1197 2423 ltac
1220 2346 1434 2449 ritetropoli,

214 2446 338 2527 unlbra
358 2444 553 2539 gauderent
575 2460 614 2516 et
636 2440 886 2540 protectione,
925 2443 982 2518 ille
1005 2466 1128 2519 contra
1150 2445 1258 2525 solem
1281 2460 1318 2516 ct
1343 2464 1435 2523 uen-

218 2560 296 2612 tum
319 2556 499 2629 urentem,
521 2536 561 2611 lri
585 2556 709 2611 contra
729 2534 865 2628 hostes,
890 2556 928 2612 et
950 2538 1015 2613 alia
1038 2543 1145 2632 mala,
1171 2534 1230 2615 scd
1246 2565 1291 2613 co
1315 2538 1434 2635 indig-

219 2632 302 2707 nior
324 2652 398 2705 erat
420 2634 536 2731 Jonae
562 2632 737 2724 adsedllo,
774 2634 869 2730 quod
900 2633 995 2715 inter
1017 2635 1187 2725 ricinum,
1227 2636 1369 2731 ejusque
1389 2632 1436 2709 ad

217 2728 333 2831 ipsum
351 2727 580 2817 relationem,
604 2748 643 2801 et
664 2726 849 2818 Niniven,
878 2729 1019 2826 ejusque
1042 2730 1236 2827 respeslum
1258 2730 1300 2801 ad
1327 2728 1434 2807 Nini.

214 2822 323 2899 vit-ici
347 2846 366 2896 r
438 2824 450 2897 i
474 2823 593 2915 ciues,
618 2823 746 2920 ingens
765 2822 853 2897 esset
876 2823 1084 2915 discrimen,
1109 2845 1276 2920 quatenus
1300 2820 1437 2895 civium

215 2920 312 3001 illius
342 2918 386 2992 de
401 2916 568 3008 rderium,
607 2944 676 3023 quo
707 2917 890 2993 civitatem
922 2918 1111 3017 cupiebant
1140 2921 1284 3010 salvam,
1327 2920 1436 3015 longe

218 3010 449 3087 restruunt
472 3034 512 3087 et
535 3014 677 3104 melius,
701 3036 805 3111 quam
827 3006 909 3088 illud
927 3016 1045 3124 Jonae
1066 3034 1140 3087 erut·
1163 3015 1199 3088 in
1223 3014 1386 3089 ricinum

263 3106 298 3215 ᾖ.
324 3106 487 3184 CLXIV.
524 3108 633 3183 Hisce
701 3111 761 3183 ulo
781 3109 978 3187 adouutrus
1001 3109 1197 3209 explicitis,
1221 3110 1301 3207 quia
1324 3109 1435 3189 intes

240 3223 340 3279 retes
359 3202 449 3278 milri
473 3203 539 3278 vili
561 3204 639 3278 sunt
655 3134 723 3279 {aie
745 3202 861 3279 minus
881 3203 980 3277 resia
1003 3206 1150 3297 versati,
1191 3212 1299 3283 etiarn
1321 3205 1436 3285 aliens

232 3298 363 3388 send,
386 3298 431 3375 de
455 3319 526 3396 quo
551 3322 657 3397 agere
678 3323 752 3374 non
776 3300 879 3389 licet,
904 3299 1105 3398 subjungam
1127 3300 1292 3376 historiae
1307 3301 1434 3395 liujus,

216 3393 571 3485 nrmNiniuitarum,
587 3414 662 3469 tum
676 3394 853 3493 singularis
868 3398 963 3468 casus
972 3396 1082 3492 Jonae
1105 3397 1284 3491 respeslu,
1307 3412 1436 3473 verum
1496 3474 1501 3481 ,

215 3488 447 3587 conspestum
471 3508 508 3564 et
529 3491 684 3587 scopum.
732 3491 833 3565 Casus
855 3493 968 3587 Jonae
991 3492 1033 3563 ad
1058 3515 1120 3563 eos
1142 3490 1251 3577 milli,
1291 3508 1435 3561 eorumr

219 3606 290 3689 quc
310 3582 550 3659 conversionis
573 3606 610 3658 et
632 3584 872 3675 liberationis,
909 3608 953 3658 eo
981 3608 1011 3659 r.
1035 3584 1220 3674 collineat,
1259 3600 1298 3657 ut
1329 3596 1434 3661 verul

220 3680 466 3783 prouidentiae
488 3698 526 3753 et
547 3680 812 3778 gubernationis
832 3679 993 3767 divinae,
1019 3700 1084 3775 qua
1101 3681 1221 3753 orbem
1237 3677 1350 3777 regit,
1375 3677 1432 3754 in·

218 3774 378 3853 selredus
398 3800 444 3851 ex
466 3774 538 3849 hoc
562 3778 639 3851 casu
662 3776 851 3868 elucescat,
875 3776 1031 3869 adeoque
1048 3772 1134 3848 hinc
1150 3775 1316 3866 discatur,
1342 3794 1434 3873 qssaa

216 3890 416 3973 quantaque
439 3869 567 3946 litDei
589 3872 836 3971 longanimitas
860 3871 898 3944 in
922 3869 1163 3966 peccatoribus
1179 3872 1240 3947 diu
1255 3871 1434 3965 serendis,

218 3966 397 4067 qualisque
418 3966 489 4047 Dei
515 3962 649 4065 justitia
680 3967 717 4039 in
746 3964 936 4077 puniendis
958 3964 1098 4067 urbibus
1120 3985 1158 4039 et
1181 3966 1405 4045 societatibus

219 4062 260 4233 {a
282 4061 410 4229 lnibm
423 4078 573 4169 peccata
595 4062 778 4139 clamantia
796 4060 1010 4229 grassantur,
1034 4061 1185 4159 denique
1207 4081 1333 4159 quanta
1356 4063 1434 4135 Dea

233 4176 263 4232 st

311 4157 487 4251 enigutas
509 4155 550 4229 in
564 4155 794 4231 iisudmoncn
819 4154 868 4245 is,
893 4175 930 4228 et
946 4154 1224 4253 resipiscentibus
1241 4156 1433 4237 servandis.

226 4272 259 4325 2.
281 4270 341 4343 ut,
363 4254 449 4325 Deo
468 4250 536 4331 hac
555 4270 658 4349 parte
679 4251 824 4327 eandem
848 4250 917 4325 elle
942 4250 984 4325 ad
1007 4272 1121 4328 toturn
1144 4253 1310 4327 mundum
1337 4254 1434 4329 nullo

221 4344 316 4421 sudio
337 4344 541 4429 discrinsne
560 4346 787 4437 relationem,
811 4345 959 4423 constet.
1010 4372 1042 4445 3.
1066 4349 1124 4423 sed
1148 4348 1186 4422 in
1203 4346 1323 4513 firmis
1347 4348 1454 4440 lsra·‚

224 4442 347 4534 elisae,
373 4440 631 4550 populusDei,
656 4441 692 4513 iu
709 4442 779 4516 hoc
795 4443 891 4532 casu,
917 4462 1080 4541 tauquam
1094 4444 1200 4523 lucidi
1229 4466 1298 4514 rrno
1313 4442 1434 4551 specu·¹

221 4539 278 4626 lo,
300 4558 373 4613 tum
396 4538 494 4619 suam
516 4536 785 4613 obstinationem
801 4558 837 4611 et
851 4539 1107 4634 pervicaciam,
1132 4557 1205 4611 tum
1217 4537 1341 4633 judicii
1360 4536 1432 4611 Del

227 4632 267 4706 iu
287 4656 345 4709 cos
360 4632 536 4739 justitiam
559 4656 600 4713 uc
615 4633 856 4803 necessitussm'
866 4635 1132 4733 conspicerent3
1156 4657 1222 4713 nec
1238 4656 1290 4803 coc
1293 4648 1436 4829 5133?

781 4774 795 4806 ι(
838 4779 859 4803 u
1423 4782 1438 4824 5
