<?xml version="1.0" encoding="UTF-8"?>
<!DOCTYPE html PUBLIC "-//W3C//DTD XHTML 1.0 Transitional//EN"
    "http://www.w3.org/TR/xhtml1/DTD/xhtml1-transitional.dtd">
<html xmlns="http://www.w3.org/1999/xhtml" xml:lang="en" lang="en">
 <head>
  <title>
</title>
<meta http-equiv="Content-Type" content="text/html;charset=utf-8" />
  <meta name='ocr-system' content='tesseract 3.04.00' />
  <meta name='ocr-capabilities' content='ocr_page ocr_carea ocr_par ocr_line ocrx_word'/>
</head>
<body>
  <div class='ocr_page' id='page_1' title='image "./hermannivenemai04venegoog/hermannivenemai04venegoog_0336.png"; bbox 0 0 3575 5884; ppageno 0'>
   <div class='ocr_carea' id='block_1_1' title="bbox 298 1110 1175 1215">
    <p class='ocr_par' dir='ltr' id='par_1_1' title="bbox 298 1110 1175 1215">
     <span class='ocr_line' id='line_1_1' title="bbox 298 1110 1175 1215; baseline -0.022 -9"><span class='ocrx_word' id='word_1_1' title='bbox 298 1126 384 1215; x_wconf 69' lang='lat' dir='ltr'>aa</span> <span class='ocrx_word' id='word_1_2' title='bbox 640 1110 1106 1211; x_wconf 67' lang='lat' dir='ltr'>rustnunruuuuuu</span> <span class='ocrx_word' id='word_1_3' title='bbox 1136 1113 1175 1187; x_wconf 88' lang='lat' dir='ltr'>r.</span> 
     </span>
    </p>
   </div>
   <div class='ocr_carea' id='block_1_2' title="bbox 165 1291 1527 4444">
    <p class='ocr_par' dir='ltr' id='par_1_2' title="bbox 165 1291 1527 4444">
     <span class='ocr_line' id='line_1_2' title="bbox 302 1291 1527 1402; baseline 0.001 -34"><span class='ocrx_word' id='word_1_4' title='bbox 302 1314 426 1370; x_wconf 89' lang='lat' dir='ltr'>mento</span> <span class='ocrx_word' id='word_1_5' title='bbox 443 1294 553 1371; x_wconf 78' lang='lat' dir='ltr'>Patris</span> <span class='ocrx_word' id='word_1_6' title='bbox 573 1316 636 1368; x_wconf 83' lang='lat' dir='ltr'>rex</span> <span class='ocrx_word' id='word_1_7' title='bbox 663 1292 891 1381; x_wconf 87' lang='lat' dir='ltr'>constitutus,</span> <span class='ocrx_word' id='word_1_8' title='bbox 921 1295 1112 1389; x_wconf 82' lang='lat' dir='ltr'>praeterito</span> <span class='ocrx_word' id='word_1_9' title='bbox 1130 1297 1223 1391; x_wconf 80' lang='lat' dir='ltr'>Cyro</span> <span class='ocrx_word' id='word_1_10' title='bbox 1251 1291 1527 1402; x_wconf 52' lang='lat' dir='ltr'>lldosminore</span> 
     </span>
     <span class='ocr_line' id='line_1_3' title="bbox 303 1388 1522 1497; baseline -0.004 -31"><span class='ocrx_word' id='word_1_11' title='bbox 303 1393 448 1490; x_wconf 89' lang='lat' dir='ltr'>quidem</span> <span class='ocrx_word' id='word_1_12' title='bbox 471 1410 573 1480; x_wconf 89' lang='lat' dir='ltr'>natu,</span> <span class='ocrx_word' id='word_1_13' title='bbox 597 1390 656 1463; x_wconf 89' lang='lat' dir='ltr'>sed</span> <span class='ocrx_word' id='word_1_14' title='bbox 676 1388 735 1485; x_wconf 89' lang='lat' dir='ltr'>qui</span> <span class='ocrx_word' id='word_1_15' title='bbox 761 1391 1014 1486; x_wconf 55' lang='lat' dir='ltr'>aunemundus</span> <span class='ocrx_word' id='word_1_16' title='bbox 1036 1389 1073 1463; x_wconf 93' lang='lat' dir='ltr'>in</span> <span class='ocrx_word' id='word_1_17' title='bbox 1094 1411 1240 1485; x_wconf 75' lang='lat' dir='ltr'><em>purpura</em></span> <span class='ocrx_word' id='word_1_18' title='bbox 1264 1389 1422 1481; x_wconf 72' lang='lat' dir='ltr'>al’atre&#39;,</span> <span class='ocrx_word' id='word_1_19' title='bbox 1442 1388 1522 1497; x_wconf 63' lang='lat' dir='ltr'>jung</span> 
     </span>
     <span class='ocr_line' id='line_1_4' title="bbox 301 1482 1515 1589; baseline -0.002 -28"><span class='ocrx_word' id='word_1_20' title='bbox 301 1512 409 1584; x_wconf 76' lang='lat' dir='ltr'>rege,</span> <span class='ocrx_word' id='word_1_21' title='bbox 426 1506 524 1560; x_wconf 89' lang='lat' dir='ltr'>natus</span> <span class='ocrx_word' id='word_1_22' title='bbox 539 1505 636 1575; x_wconf 86' lang='lat' dir='ltr'>erat,</span> <span class='ocrx_word' id='word_1_23' title='bbox 662 1485 743 1581; x_wconf 90' lang='lat' dir='ltr'>qui,</span> <span class='ocrx_word' id='word_1_24' title='bbox 761 1510 915 1581; x_wconf 74' lang='lat' dir='ltr'>regnum</span> <span class='ocrx_word' id='word_1_25' title='bbox 927 1487 1103 1574; x_wconf 81' lang='lat' dir='ltr'>ambiens,</span> <span class='ocrx_word' id='word_1_26' title='bbox 1123 1486 1267 1575; x_wconf 85' lang='lat' dir='ltr'>fratrem</span> <span class='ocrx_word' id='word_1_27' title='bbox 1285 1484 1378 1557; x_wconf 86' lang='lat' dir='ltr'>bello</span> <span class='ocrx_word' id='word_1_28' title='bbox 1393 1482 1443 1558; x_wconf 88' lang='lat' dir='ltr'>est</span> <span class='ocrx_word' id='word_1_29' title='bbox 1457 1484 1515 1589; x_wconf 69' lang='lat' dir='ltr'>ad·¹</span> 
     </span>
     <span class='ocr_line' id='line_1_5' title="bbox 191 1578 1510 1682; baseline -0.002 -26"><span class='ocrx_word' id='word_1_30' title='bbox 191 1624 201 1643; x_wconf 82' lang='lat'>‚</span> <span class='ocrx_word' id='word_1_31' title='bbox 301 1583 450 1682; x_wconf 76' lang='lat' dir='ltr'>gressus,</span> <span class='ocrx_word' id='word_1_32' title='bbox 473 1580 532 1654; x_wconf 91' lang='lat' dir='ltr'>sed</span> <span class='ocrx_word' id='word_1_33' title='bbox 546 1581 691 1657; x_wconf 81' lang='lat' dir='ltr'>infelice</span> <span class='ocrx_word' id='word_1_34' title='bbox 709 1582 819 1657; x_wconf 82' lang='lat' dir='ltr'>exitu.</span> <span class='ocrx_word' id='word_1_35' title='bbox 847 1586 978 1681; x_wconf 87' lang='lat' dir='ltr'>Cyrus,</span> <span class='ocrx_word' id='word_1_36' title='bbox 997 1582 1162 1677; x_wconf 76' lang='lat' dir='ltr'>princeps</span> <span class='ocrx_word' id='word_1_37' title='bbox 1178 1579 1282 1653; x_wconf 85' lang='lat' dir='ltr'>sortis</span> <span class='ocrx_word' id='word_1_38' title='bbox 1298 1600 1337 1651; x_wconf 89' lang='lat' dir='ltr'>et</span> <span class='ocrx_word' id='word_1_39' title='bbox 1353 1578 1510 1654; x_wconf 84' lang='lat' dir='ltr'>industri·</span> 
     </span>
     <span class='ocr_line' id='line_1_6' title="bbox 301 1674 1507 1772; baseline -0.004 -20"><span class='ocrx_word' id='word_1_40' title='bbox 301 1702 359 1765; x_wconf 86' lang='lat' dir='ltr'>us,</span> <span class='ocrx_word' id='word_1_41' title='bbox 400 1696 438 1749; x_wconf 88' lang='lat' dir='ltr'>et</span> <span class='ocrx_word' id='word_1_42' title='bbox 458 1674 568 1750; x_wconf 88' lang='lat' dir='ltr'>fratre</span> <span class='ocrx_word' id='word_1_43' title='bbox 592 1678 737 1766; x_wconf 84' lang='lat' dir='ltr'>melior,</span> <span class='ocrx_word' id='word_1_44' title='bbox 780 1677 876 1772; x_wconf 80' lang='lat' dir='ltr'>cujus</span> <span class='ocrx_word' id='word_1_45' title='bbox 908 1677 1025 1751; x_wconf 89' lang='lat' dir='ltr'>laudes</span> <span class='ocrx_word' id='word_1_46' title='bbox 1046 1675 1261 1772; x_wconf 75' lang='lat' dir='ltr'>Xenophon</span> <span class='ocrx_word' id='word_1_47' title='bbox 1295 1674 1507 1766; x_wconf 88' lang='lat' dir='ltr'>celebravit,</span> 
     </span>
     <span class='ocr_line' id='line_1_7' title="bbox 298 1766 1511 1871; baseline 0.002 -27"><span class='ocrx_word' id='word_1_48' title='bbox 298 1770 461 1844; x_wconf 83' lang='lat' dir='ltr'>infcriori</span> <span class='ocrx_word' id='word_1_49' title='bbox 495 1773 600 1848; x_wconf 84' lang='lat' dir='ltr'>Aliae</span> <span class='ocrx_word' id='word_1_50' title='bbox 625 1775 770 1849; x_wconf 85' lang='lat' dir='ltr'>a&#39;Patre</span> <span class='ocrx_word' id='word_1_51' title='bbox 799 1770 1015 1868; x_wconf 71' lang='lat' dir='ltr'>p&#39;raefeklus,</span> <span class='ocrx_word' id='word_1_52' title='bbox 1057 1773 1115 1846; x_wconf 91' lang='lat' dir='ltr'>sed</span> <span class='ocrx_word' id='word_1_53' title='bbox 1147 1771 1267 1860; x_wconf 83' lang='lat' dir='ltr'>fratri,</span> <span class='ocrx_word' id='word_1_54' title='bbox 1308 1766 1511 1871; x_wconf 61' lang='lat' dir='ltr'>Pasargadas</span> 
     </span>
     <span class='ocr_line' id='line_1_8' title="bbox 295 1862 1503 1969; baseline 0.005 -33"><span class='ocrx_word' id='word_1_55' title='bbox 295 1865 483 1961; x_wconf 71' lang='lat' dir='ltr'>profesio,</span> <span class='ocrx_word' id='word_1_56' title='bbox 508 1888 549 1941; x_wconf 88' lang='lat' dir='ltr'>ut</span> <span class='ocrx_word' id='word_1_57' title='bbox 573 1868 692 1943; x_wconf 88' lang='lat' dir='ltr'>stolam</span> <span class='ocrx_word' id='word_1_58' title='bbox 717 1870 800 1969; x_wconf 85' lang='lat' dir='ltr'>Cyri</span> <span class='ocrx_word' id='word_1_59' title='bbox 826 1868 1008 1958; x_wconf 85' lang='lat' dir='ltr'>indueret,</span> <span class='ocrx_word' id='word_1_60' title='bbox 1040 1893 1081 1941; x_wconf 93' lang='lat' dir='ltr'>ac</span> <span class='ocrx_word' id='word_1_61' title='bbox 1106 1866 1208 1941; x_wconf 89' lang='lat' dir='ltr'>sacris</span> <span class='ocrx_word' id='word_1_62' title='bbox 1229 1862 1339 1962; x_wconf 90' lang='lat' dir='ltr'>regiis</span> <span class='ocrx_word' id='word_1_63' title='bbox 1367 1866 1503 1967; x_wconf 88' lang='lat' dir='ltr'>inaugu-</span> 
     </span>
     <span class='ocr_line' id='line_1_9' title="bbox 295 1962 1502 2059; baseline 0.001 -26"><span class='ocrx_word' id='word_1_64' title='bbox 295 1982 453 2051; x_wconf 89' lang='lat' dir='ltr'>raretur,</span> <span class='ocrx_word' id='word_1_65' title='bbox 474 1965 545 2059; x_wconf 91' lang='lat' dir='ltr'>jam</span> <span class='ocrx_word' id='word_1_66' title='bbox 566 1965 763 2054; x_wconf 85' lang='lat' dir='ltr'>insidiatus,</span> <span class='ocrx_word' id='word_1_67' title='bbox 789 1990 808 2039; x_wconf 89' lang='lat' dir='ltr'>a</span> <span class='ocrx_word' id='word_1_68' title='bbox 833 1983 945 2037; x_wconf 87' lang='lat' dir='ltr'>matre</span> <span class='ocrx_word' id='word_1_69' title='bbox 972 1987 1076 2052; x_wconf 86' lang='lat' dir='ltr'>vern,</span> <span class='ocrx_word' id='word_1_70' title='bbox 1101 1987 1180 2040; x_wconf 88' lang='lat' dir='ltr'>cum</span> <span class='ocrx_word' id='word_1_71' title='bbox 1197 1962 1240 2036; x_wconf 85' lang='lat' dir='ltr'>ad</span> <span class='ocrx_word' id='word_1_72' title='bbox 1255 1985 1385 2038; x_wconf 88' lang='lat' dir='ltr'>necem</span> <span class='ocrx_word' id='word_1_73' title='bbox 1407 1969 1502 2059; x_wconf 76' lang='lat' dir='ltr'>&#39;rop-</span> 
     </span>
     <span class='ocr_line' id='line_1_10' title="bbox 297 2052 1499 2155; baseline 0.001 -25"><span class='ocrx_word' id='word_1_74' title='bbox 297 2052 395 2130; x_wconf 81' lang='lat' dir='ltr'>terea</span> <span class='ocrx_word' id='word_1_75' title='bbox 411 2081 655 2155; x_wconf 87' lang='lat' dir='ltr'>quaereretur,</span> <span class='ocrx_word' id='word_1_76' title='bbox 679 2060 862 2148; x_wconf 86' lang='lat' dir='ltr'>liberatus,</span> <span class='ocrx_word' id='word_1_77' title='bbox 888 2061 977 2140; x_wconf 85' lang='lat' dir='ltr'>etad</span> <span class='ocrx_word' id='word_1_78' title='bbox 989 2059 1240 2155; x_wconf 71' lang='lat' dir='ltr'>praefesluram</span> <span class='ocrx_word' id='word_1_79' title='bbox 1256 2060 1355 2132; x_wconf 88' lang='lat' dir='ltr'>suam</span> <span class='ocrx_word' id='word_1_80' title='bbox 1371 2056 1499 2146; x_wconf 82' lang='lat' dir='ltr'>mrffus,</span> 
     </span>
     <span class='ocr_line' id='line_1_11' title="bbox 296 2146 1498 2255; baseline 0.001 -29"><span class='ocrx_word' id='word_1_81' title='bbox 296 2152 417 2251; x_wconf 87' lang='lat' dir='ltr'>copias</span> <span class='ocrx_word' id='word_1_82' title='bbox 440 2175 563 2229; x_wconf 88' lang='lat' dir='ltr'>contra</span> <span class='ocrx_word' id='word_1_83' title='bbox 589 2156 735 2241; x_wconf 82' lang='lat' dir='ltr'>fratrem</span> <span class='ocrx_word' id='word_1_84' title='bbox 759 2155 924 2251; x_wconf 82' lang='lat' dir='ltr'>collegit,</span> <span class='ocrx_word' id='word_1_85' title='bbox 948 2179 1091 2251; x_wconf 87' lang='lat' dir='ltr'>quarum</span> <span class='ocrx_word' id='word_1_86' title='bbox 1115 2156 1223 2229; x_wconf 90' lang='lat' dir='ltr'>robur</span> <span class='ocrx_word' id='word_1_87' title='bbox 1241 2146 1310 2255; x_wconf 69' lang='lat' dir='ltr'>&#39;le</span> <span class='ocrx_word' id='word_1_88' title='bbox 1327 2153 1434 2231; x_wconf 87' lang='lat' dir='ltr'>millia</span> <span class='ocrx_word' id='word_1_89' title='bbox 1446 2152 1498 2229; x_wconf 84' lang='lat' dir='ltr'>illa</span> 
     </span>
     <span class='ocr_line' id='line_1_12' title="bbox 295 2246 1499 2347; baseline -0.002 -23"><span class='ocrx_word' id='word_1_90' title='bbox 295 2250 530 2339; x_wconf 82' lang='lat' dir='ltr'>Graecorum,</span> <span class='ocrx_word' id='word_1_91' title='bbox 571 2251 660 2323; x_wconf 90' lang='lat' dir='ltr'>duce</span> <span class='ocrx_word' id='word_1_92' title='bbox 692 2251 862 2325; x_wconf 88' lang='lat' dir='ltr'>Cleareho</span> <span class='ocrx_word' id='word_1_93' title='bbox 892 2255 1082 2347; x_wconf 86' lang='lat' dir='ltr'>Spartano,</span> <span class='ocrx_word' id='word_1_94' title='bbox 1121 2250 1284 2338; x_wconf 88' lang='lat' dir='ltr'>suerunt,</span> <span class='ocrx_word' id='word_1_95' title='bbox 1328 2246 1366 2323; x_wconf 90' lang='lat' dir='ltr'>in</span> <span class='ocrx_word' id='word_1_96' title='bbox 1387 2248 1499 2324; x_wconf 83' lang='lat' dir='ltr'>Asiam</span> 
     </span>
     <span class='ocr_line' id='line_1_13' title="bbox 294 2343 1498 2445; baseline -0.002 -27"><span class='ocrx_word' id='word_1_97' title='bbox 294 2343 456 2419; x_wconf 76' lang='lat' dir='ltr'>citissime</span> <span class='ocrx_word' id='word_1_98' title='bbox 483 2344 681 2439; x_wconf 68' lang='lat' dir='ltr'>profectus,</span> <span class='ocrx_word' id='word_1_99' title='bbox 706 2370 787 2424; x_wconf 84' lang='lat' dir='ltr'>cum</span> <span class='ocrx_word' id='word_1_100' title='bbox 812 2344 919 2417; x_wconf 89' lang='lat' dir='ltr'>fratre</span> <span class='ocrx_word' id='word_1_101' title='bbox 944 2345 1109 2423; x_wconf 80' lang='lat' dir='ltr'>conflixit</span> <span class='ocrx_word' id='word_1_102' title='bbox 1131 2369 1244 2442; x_wconf 89' lang='lat' dir='ltr'>prope</span> <span class='ocrx_word' id='word_1_103' title='bbox 1267 2346 1498 2445; x_wconf 81' lang='lat' dir='ltr'>Babylonem,</span> 
     </span>
     <span class='ocr_line' id='line_1_14' title="bbox 292 2437 1497 2539; baseline 0 -27"><span class='ocrx_word' id='word_1_104' title='bbox 292 2457 332 2513; x_wconf 86' lang='lat' dir='ltr'>et</span> <span class='ocrx_word' id='word_1_105' title='bbox 356 2439 504 2513; x_wconf 85' lang='lat' dir='ltr'>inferior</span> <span class='ocrx_word' id='word_1_106' title='bbox 530 2439 622 2527; x_wconf 90' lang='lat' dir='ltr'>fuit,</span> <span class='ocrx_word' id='word_1_107' title='bbox 647 2459 684 2511; x_wconf 93' lang='lat' dir='ltr'>et</span> <span class='ocrx_word' id='word_1_108' title='bbox 708 2440 782 2537; x_wconf 92' lang='lat' dir='ltr'>ipse</span> <span class='ocrx_word' id='word_1_109' title='bbox 797 2437 876 2536; x_wconf 88' lang='lat' dir='ltr'>post</span> <span class='ocrx_word' id='word_1_110' title='bbox 899 2441 1042 2537; x_wconf 89' lang='lat' dir='ltr'>egregia</span> <span class='ocrx_word' id='word_1_111' title='bbox 1057 2441 1204 2516; x_wconf 90' lang='lat' dir='ltr'>virtutis</span> <span class='ocrx_word' id='word_1_112' title='bbox 1227 2439 1375 2516; x_wconf 85' lang='lat' dir='ltr'>bellicae</span> <span class='ocrx_word' id='word_1_113' title='bbox 1392 2440 1497 2539; x_wconf 88' lang='lat' dir='ltr'>speci·</span> 
     </span>
     <span class='ocr_line' id='line_1_15' title="bbox 290 2530 1497 2629; baseline -0.001 -19"><span class='ocrx_word' id='word_1_114' title='bbox 290 2536 386 2611; x_wconf 86' lang='lat' dir='ltr'>mina</span> <span class='ocrx_word' id='word_1_115' title='bbox 408 2533 534 2608; x_wconf 88' lang='lat' dir='ltr'>caesus.</span> <span class='ocrx_word' id='word_1_116' title='bbox 584 2533 695 2609; x_wconf 90' lang='lat' dir='ltr'>Unde·</span> <span class='ocrx_word' id='word_1_117' title='bbox 714 2533 863 2610; x_wconf 90' lang='lat' dir='ltr'>celebris</span> <span class='ocrx_word' id='word_1_118' title='bbox 888 2534 945 2607; x_wconf 90' lang='lat' dir='ltr'>ille</span> <span class='ocrx_word' id='word_1_119' title='bbox 982 2536 1131 2612; x_wconf 74' lang='lat' dir='ltr'>recessus</span> <span class='ocrx_word' id='word_1_120' title='bbox 1150 2563 1212 2629; x_wconf 65' lang='lat'>,10</span> <span class='ocrx_word' id='word_1_121' title='bbox 1237 2530 1321 2612; x_wconf 90' lang='lat' dir='ltr'>mill.</span> <span class='ocrx_word' id='word_1_122' title='bbox 1350 2536 1497 2615; x_wconf 85' lang='lat' dir='ltr'>Graeco·</span> 
     </span>
     <span class='ocr_line' id='line_1_16' title="bbox 290 2629 1495 2728; baseline 0.001 -23"><span class='ocrx_word' id='word_1_123' title='bbox 290 2653 388 2721; x_wconf 85' lang='lat' dir='ltr'>rum,</span> <span class='ocrx_word' id='word_1_124' title='bbox 404 2630 494 2704; x_wconf 90' lang='lat' dir='ltr'>duce</span> <span class='ocrx_word' id='word_1_125' title='bbox 504 2631 763 2728; x_wconf 85' lang='lat' dir='ltr'>Xenophonte,</span> <span class='ocrx_word' id='word_1_126' title='bbox 785 2653 849 2727; x_wconf 91' lang='lat' dir='ltr'>per</span> <span class='ocrx_word' id='word_1_127' title='bbox 865 2629 1006 2704; x_wconf 87' lang='lat' dir='ltr'>infestas</span> <span class='ocrx_word' id='word_1_128' title='bbox 1021 2632 1173 2707; x_wconf 89' lang='lat' dir='ltr'>hostium</span> <span class='ocrx_word' id='word_1_129' title='bbox 1190 2631 1286 2721; x_wconf 88' lang='lat' dir='ltr'>vias,</span> <span class='ocrx_word' id='word_1_130' title='bbox 1305 2631 1495 2728; x_wconf 86' lang='lat' dir='ltr'>aXenoph.</span> 
     </span>
     <span class='ocr_line' id='line_1_17' title="bbox 289 2720 1496 2823; baseline 0.001 -22"><span class='ocrx_word' id='word_1_131' title='bbox 289 2726 505 2823; x_wconf 86' lang='lat' dir='ltr'>descriptus,</span> <span class='ocrx_word' id='word_1_132' title='bbox 550 2745 647 2801; x_wconf 89' lang='lat' dir='ltr'>ortus</span> <span class='ocrx_word' id='word_1_133' title='bbox 680 2725 740 2801; x_wconf 73' lang='lat' dir='ltr'>elh</span> <span class='ocrx_word' id='word_1_134' title='bbox 795 2726 935 2822; x_wconf 88' lang='lat' dir='ltr'>lncepit</span> <span class='ocrx_word' id='word_1_135' title='bbox 966 2745 1083 2803; x_wconf 89' lang='lat' dir='ltr'>autem</span> <span class='ocrx_word' id='word_1_136' title='bbox 1120 2720 1284 2823; x_wconf 85' lang='lat' dir='ltr'>Xenoph</span> <span class='ocrx_word' id='word_1_137' title='bbox 1319 2726 1496 2805; x_wconf 85' lang='lat' dir='ltr'>historiam</span> 
     </span>
     <span class='ocr_line' id='line_1_18' title="bbox 291 2818 1498 2918; baseline 0.002 -26"><span class='ocrx_word' id='word_1_138' title='bbox 291 2823 509 2893; x_wconf 89' lang='lat' dir='ltr'>Graecorum</span> <span class='ocrx_word' id='word_1_139' title='bbox 531 2822 596 2895; x_wconf 88' lang='lat' dir='ltr'>ubi</span> <span class='ocrx_word' id='word_1_140' title='bbox 618 2821 744 2895; x_wconf 81' lang='lat' dir='ltr'>definit</span> <span class='ocrx_word' id='word_1_141' title='bbox 760 2822 867 2899; x_wconf 90' lang='lat' dir='ltr'>Thuc</span> <span class='ocrx_word' id='word_1_142' title='bbox 893 2821 1009 2913; x_wconf 81' lang='lat' dir='ltr'>dides,</span> <span class='ocrx_word' id='word_1_143' title='bbox 1038 2826 1079 2896; x_wconf 91' lang='lat' dir='ltr'>ab</span> <span class='ocrx_word' id='word_1_144' title='bbox 1105 2849 1150 2915; x_wconf 30' lang='lat' dir='ltr'>a..</span> <span class='ocrx_word' id='word_1_145' title='bbox 1168 2845 1264 2918; x_wconf 79' lang='lat' dir='ltr'>armo</span> <span class='ocrx_word' id='word_1_146' title='bbox 1290 2822 1375 2902; x_wconf 92' lang='lat' dir='ltr'>belli</span> <span class='ocrx_word' id='word_1_147' title='bbox 1402 2818 1498 2897; x_wconf 78' lang='lat' dir='ltr'>Pelo·&#39;</span> 
     </span>
     <span class='ocr_line' id='line_1_19' title="bbox 288 2846 1493 3014; baseline 0.007 -30"><span class='ocrx_word' id='word_1_148' title='bbox 288 2913 501 3012; x_wconf 84' lang='lat' dir='ltr'>ponnesraci;</span> <span class='ocrx_word' id='word_1_149' title='bbox 549 2915 689 2992; x_wconf 88' lang='lat' dir='ltr'>Deinde</span> <span class='ocrx_word' id='word_1_150' title='bbox 717 2942 737 2991; x_wconf 90' lang='lat' dir='ltr'>a</span> <span class='ocrx_word' id='word_1_151' title='bbox 765 2846 1072 3008; x_wconf 56' lang='lat' dir='ltr'>Lacedaemoniis,</span> <span class='ocrx_word' id='word_1_152' title='bbox 1106 2916 1165 3014; x_wconf 91' lang='lat' dir='ltr'>qui</span> <span class='ocrx_word' id='word_1_153' title='bbox 1198 2916 1355 3014; x_wconf 89' lang='lat' dir='ltr'>ipsorum</span> <span class='ocrx_word' id='word_1_154' title='bbox 1384 2916 1493 2995; x_wconf 87' lang='lat' dir='ltr'>Persa·</span> 
     </span>
     <span class='ocr_line' id='line_1_20' title="bbox 287 3009 1492 3125; baseline 0.008 -45"><span class='ocrx_word' id='word_1_155' title='bbox 287 3033 365 3081; x_wconf 91' lang='lat' dir='ltr'>rum</span> <span class='ocrx_word' id='word_1_156' title='bbox 390 3032 459 3103; x_wconf 91' lang='lat' dir='ltr'>ope</span> <span class='ocrx_word' id='word_1_157' title='bbox 487 3010 692 3085; x_wconf 85' lang='lat' dir='ltr'>devicerant</span> <span class='ocrx_word' id='word_1_158' title='bbox 718 3009 970 3101; x_wconf 87' lang='lat' dir='ltr'>Athenienses,</span> <span class='ocrx_word' id='word_1_159' title='bbox 996 3015 1086 3087; x_wconf 91' lang='lat' dir='ltr'>bello</span> <span class='ocrx_word' id='word_1_160' title='bbox 1113 3013 1264 3109; x_wconf 88' lang='lat' dir='ltr'>petitus,</span> <span class='ocrx_word' id='word_1_161' title='bbox 1289 3014 1383 3090; x_wconf 89' lang='lat' dir='ltr'>duce</span> <span class='ocrx_word' id='word_1_162' title='bbox 1403 3015 1492 3125; x_wconf 85' lang='lat' dir='ltr'>Age·</span> 
     </span>
     <span class='ocr_line' id='line_1_21' title="bbox 284 3100 1492 3208; baseline 0.006 -33"><span class='ocrx_word' id='word_1_163' title='bbox 284 3100 386 3190; x_wconf 89' lang='lat' dir='ltr'>lilao,</span> <span class='ocrx_word' id='word_1_164' title='bbox 430 3122 470 3174; x_wconf 91' lang='lat' dir='ltr'>ut</span> <span class='ocrx_word' id='word_1_165' title='bbox 494 3104 528 3176; x_wconf 88' lang='lat' dir='ltr'>se</span> <span class='ocrx_word' id='word_1_166' title='bbox 556 3107 767 3195; x_wconf 76' lang='lat' dir='ltr'>emicaret,</span> <span class='ocrx_word' id='word_1_167' title='bbox 796 3107 968 3180; x_wconf 83' lang='lat' dir='ltr'>excitavit</span> <span class='ocrx_word' id='word_1_168' title='bbox 999 3111 1144 3206; x_wconf 86' lang='lat' dir='ltr'>ingente</span> <span class='ocrx_word' id='word_1_169' title='bbox 1167 3108 1298 3183; x_wconf 89' lang='lat' dir='ltr'>summa</span> <span class='ocrx_word' id='word_1_170' title='bbox 1326 3131 1492 3208; x_wconf 81' lang='lat' dir='ltr'>pecuniae</span> 
     </span>
     <span class='ocr_line' id='line_1_22' title="bbox 284 3198 1492 3304; baseline 0.003 -31"><span class='ocrx_word' id='word_1_171' title='bbox 284 3198 540 3287; x_wconf 83' lang='lat' dir='ltr'>Athenienses,</span> <span class='ocrx_word' id='word_1_172' title='bbox 566 3200 776 3290; x_wconf 84' lang='lat' dir='ltr'>Thebanos,</span> <span class='ocrx_word' id='word_1_173' title='bbox 795 3201 971 3297; x_wconf 87' lang='lat' dir='ltr'>Argivos,</span> <span class='ocrx_word' id='word_1_174' title='bbox 990 3225 1027 3277; x_wconf 93' lang='lat' dir='ltr'>et</span> <span class='ocrx_word' id='word_1_175' title='bbox 1044 3206 1129 3281; x_wconf 89' lang='lat' dir='ltr'>alios</span> <span class='ocrx_word' id='word_1_176' title='bbox 1144 3221 1268 3279; x_wconf 89' lang='lat' dir='ltr'>contra</span> <span class='ocrx_word' id='word_1_177' title='bbox 1286 3206 1492 3304; x_wconf 86' lang='lat' dir='ltr'>Spartanos;</span> 
     </span>
     <span class='ocr_line' id='line_1_23' title="bbox 285 3293 1491 3392; baseline 0.003 -22"><span class='ocrx_word' id='word_1_178' title='bbox 285 3295 424 3392; x_wconf 89' lang='lat' dir='ltr'>quando</span> <span class='ocrx_word' id='word_1_179' title='bbox 447 3293 540 3367; x_wconf 89' lang='lat' dir='ltr'>haud</span> <span class='ocrx_word' id='word_1_180' title='bbox 561 3293 621 3368; x_wconf 88' lang='lat' dir='ltr'>diu</span> <span class='ocrx_word' id='word_1_181' title='bbox 653 3297 732 3392; x_wconf 89' lang='lat' dir='ltr'>post</span> <span class='ocrx_word' id='word_1_182' title='bbox 762 3319 886 3391; x_wconf 87' lang='lat' dir='ltr'>pacem</span> <span class='ocrx_word' id='word_1_183' title='bbox 912 3297 1006 3372; x_wconf 88' lang='lat' dir='ltr'>inter</span> <span class='ocrx_word' id='word_1_184' title='bbox 1038 3323 1099 3374; x_wconf 83' lang='lat' dir='ltr'>eos</span> <span class='ocrx_word' id='word_1_185' title='bbox 1124 3298 1233 3390; x_wconf 89' lang='lat' dir='ltr'>fecit,</span> <span class='ocrx_word' id='word_1_186' title='bbox 1276 3324 1299 3372; x_wconf 97' lang='lat' dir='ltr'>o</span> <span class='ocrx_word' id='word_1_187' title='bbox 1329 3326 1350 3375; x_wconf 94' lang='lat' dir='ltr'>e</span> <span class='ocrx_word' id='word_1_188' title='bbox 1377 3298 1491 3377; x_wconf 82' lang='lat' dir='ltr'>Amal·</span> 
     </span>
     <span class='ocr_line' id='line_1_24' title="bbox 165 3389 1494 3492; baseline 0.004 -27"><span class='ocrx_word' id='word_1_189' title='bbox 165 3404 170 3412; x_wconf 89' lang='lat'><em>&#39;</em></span> <span class='ocrx_word' id='word_1_190' title='bbox 285 3393 386 3469; x_wconf 88' lang='lat' dir='ltr'>cidae</span> <span class='ocrx_word' id='word_1_191' title='bbox 411 3389 595 3488; x_wconf 84' lang='lat' dir='ltr'>Spartani,</span> <span class='ocrx_word' id='word_1_192' title='bbox 622 3392 909 3488; x_wconf 81' lang='lat' dir='ltr'>aurocorrupti,</span> <span class='ocrx_word' id='word_1_193' title='bbox 950 3418 1037 3490; x_wconf 88' lang='lat' dir='ltr'>quae</span> <span class='ocrx_word' id='word_1_194' title='bbox 1064 3394 1146 3469; x_wconf 90' lang='lat' dir='ltr'>inde</span> <span class='ocrx_word' id='word_1_195' title='bbox 1167 3391 1265 3492; x_wconf 85' lang='lat' dir='ltr'>pacis</span> <span class='ocrx_word' id='word_1_196' title='bbox 1327 3395 1494 3473; x_wconf 84' lang='lat' dir='ltr'>ntalcidae</span> 
     </span>
     <span class='ocr_line' id='line_1_25' title="bbox 284 3485 1495 3585; baseline 0.004 -23"><span class='ocrx_word' id='word_1_197' title='bbox 284 3514 416 3563; x_wconf 89' lang='lat' dir='ltr'>nomen</span> <span class='ocrx_word' id='word_1_198' title='bbox 444 3487 543 3563; x_wconf 83' lang='lat' dir='ltr'>tulit:</span> <span class='ocrx_word' id='word_1_199' title='bbox 568 3511 632 3585; x_wconf 85' lang='lat' dir='ltr'>qua</span> <span class='ocrx_word' id='word_1_200' title='bbox 657 3485 775 3560; x_wconf 88' lang='lat' dir='ltr'>Persae</span> <span class='ocrx_word' id='word_1_201' title='bbox 798 3511 1048 3585; x_wconf 86' lang='lat' dir='ltr'>recuperarunt</span> <span class='ocrx_word' id='word_1_202' title='bbox 1073 3514 1192 3563; x_wconf 85' lang='lat' dir='ltr'>omnes</span> <span class='ocrx_word' id='word_1_203' title='bbox 1218 3492 1442 3571; x_wconf 88' lang='lat' dir='ltr'>Graecorum</span> <span class='ocrx_word' id='word_1_204' title='bbox 1459 3491 1495 3568; x_wconf 88' lang='lat' dir='ltr'>in</span> 
     </span>
     <span class='ocr_line' id='line_1_26' title="bbox 283 3579 1495 3682; baseline 0.007 -27"><span class='ocrx_word' id='word_1_205' title='bbox 283 3584 365 3656; x_wconf 80' lang='lat' dir='ltr'>Asia</span> <span class='ocrx_word' id='word_1_206' title='bbox 400 3584 582 3674; x_wconf 84' lang='lat' dir='ltr'>civitates,</span> <span class='ocrx_word' id='word_1_207' title='bbox 624 3582 733 3658; x_wconf 88' lang='lat' dir='ltr'>Diod.</span> <span class='ocrx_word' id='word_1_208' title='bbox 757 3579 873 3667; x_wconf 76' lang='lat' dir='ltr'>Sicl.</span> <span class='ocrx_word' id='word_1_209' title='bbox 900 3586 1002 3660; x_wconf 91' lang='lat' dir='ltr'>XIV.</span> <span class='ocrx_word' id='word_1_210' title='bbox 1049 3586 1213 3682; x_wconf 90' lang='lat' dir='ltr'>Denique</span> <span class='ocrx_word' id='word_1_211' title='bbox 1247 3587 1380 3664; x_wconf 89' lang='lat' dir='ltr'>bellum</span> <span class='ocrx_word' id='word_1_212' title='bbox 1418 3611 1495 3663; x_wconf 88' lang='lat' dir='ltr'>cum</span> 
     </span>
     <span class='ocr_line' id='line_1_27' title="bbox 284 3677 1496 3779; baseline 0.009 -29"><span class='ocrx_word' id='word_1_213' title='bbox 284 3678 424 3774; x_wconf 91' lang='lat' dir='ltr'>populis</span> <span class='ocrx_word' id='word_1_214' title='bbox 449 3680 651 3769; x_wconf 86' lang='lat' dir='ltr'>rebellibus,</span> <span class='ocrx_word' id='word_1_215' title='bbox 678 3680 716 3752; x_wconf 91' lang='lat' dir='ltr'>in</span> <span class='ocrx_word' id='word_1_216' title='bbox 741 3677 840 3770; x_wconf 81' lang='lat' dir='ltr'>Asia,</span> <span class='ocrx_word' id='word_1_217' title='bbox 874 3679 974 3773; x_wconf 79' lang='lat' dir='ltr'>syria</span> <span class='ocrx_word' id='word_1_218' title='bbox 996 3698 1034 3753; x_wconf 89' lang='lat' dir='ltr'>et</span> <span class='ocrx_word' id='word_1_219' title='bbox 1057 3683 1256 3778; x_wconf 85' lang='lat' dir='ltr'>AEgypto,</span> <span class='ocrx_word' id='word_1_220' title='bbox 1307 3684 1409 3779; x_wconf 86' lang='lat' dir='ltr'>ellit,</span> <span class='ocrx_word' id='word_1_221' title='bbox 1440 3679 1496 3761; x_wconf 86' lang='lat' dir='ltr'>sed</span> 
     </span>
     <span class='ocr_line' id='line_1_28' title="bbox 282 3707 1496 3882; baseline 0.007 -38"><span class='ocrx_word' id='word_1_222' title='bbox 282 3796 403 3882; x_wconf 89' lang='lat' dir='ltr'>parurn</span> <span class='ocrx_word' id='word_1_223' title='bbox 420 3771 558 3866; x_wconf 88' lang='lat' dir='ltr'>inperio</span> <span class='ocrx_word' id='word_1_224' title='bbox 572 3775 748 3849; x_wconf 83' lang='lat' dir='ltr'>Persarmn</span> <span class='ocrx_word' id='word_1_225' title='bbox 764 3775 907 3873; x_wconf 90' lang='lat' dir='ltr'>dignum</span> <span class='ocrx_word' id='word_1_226' title='bbox 927 3775 1012 3872; x_wconf 89' lang='lat' dir='ltr'>egit.</span> <span class='ocrx_word' id='word_1_227' title='bbox 1062 3778 1242 3866; x_wconf 84' lang='lat' dir='ltr'>Tandem,</span> <span class='ocrx_word' id='word_1_228' title='bbox 1271 3707 1371 3855; x_wconf 63' lang='lat' dir='ltr'>riomi</span> <span class='ocrx_word' id='word_1_229' title='bbox 1386 3778 1496 3855; x_wconf 84' lang='lat' dir='ltr'>etiam</span> 
     </span>
     <span class='ocr_line' id='line_1_29' title="bbox 183 3864 1494 3975; baseline 0.004 -34"><span class='ocrx_word' id='word_1_230' title='bbox 183 3900 186 3906; x_wconf 93' lang='lat'><em>·</em></span> <span class='ocrx_word' id='word_1_231' title='bbox 282 3864 428 3953; x_wconf 81' lang='lat' dir='ltr'>infelix,</span> <span class='ocrx_word' id='word_1_232' title='bbox 456 3891 618 3940; x_wconf 89' lang='lat' dir='ltr'>moerore</span> <span class='ocrx_word' id='word_1_233' title='bbox 643 3871 886 3946; x_wconf 69' lang='lat' dir='ltr'>coniectaret</span> <span class='ocrx_word' id='word_1_234' title='bbox 911 3890 1067 3949; x_wconf 87' lang='lat' dir='ltr'>mortuus</span> <span class='ocrx_word' id='word_1_235' title='bbox 1091 3872 1163 3964; x_wconf 90' lang='lat' dir='ltr'>est,</span> <span class='ocrx_word' id='word_1_236' title='bbox 1191 3896 1272 3947; x_wconf 87' lang='lat' dir='ltr'>curn</span> <span class='ocrx_word' id='word_1_237' title='bbox 1295 3872 1494 3975; x_wconf 82' lang='lat' dir='ltr'>regnasset,</span> 
     </span>
     <span class='ocr_line' id='line_1_30' title="bbox 280 3962 768 4058; baseline 0.002 -18"><span class='ocrx_word' id='word_1_238' title='bbox 280 3962 468 4041; x_wconf 84' lang='lat' dir='ltr'>secundum</span> <span class='ocrx_word' id='word_1_239' title='bbox 494 3965 578 4034; x_wconf 88' lang='lat' dir='ltr'>Can.</span> <span class='ocrx_word' id='word_1_240' title='bbox 606 3988 686 4039; x_wconf 87' lang='lat' dir='ltr'>ann.</span> <span class='ocrx_word' id='word_1_241' title='bbox 707 3991 768 4058; x_wconf 86' lang='lat'>41.</span> 
     </span>
     <span class='ocr_line' id='line_1_31' title="bbox 209 4056 1498 4158; baseline 0.01 -27"><span class='ocrx_word' id='word_1_242' title='bbox 209 4143 212 4147; x_wconf 63' lang='lat'>,</span> <span class='ocrx_word' id='word_1_243' title='bbox 279 4086 282 4091; x_wconf 91' lang='lat'>·</span> <span class='ocrx_word' id='word_1_244' title='bbox 327 4060 360 4158; x_wconf 74' lang='lat'>§</span> <span class='ocrx_word' id='word_1_245' title='bbox 384 4056 649 4136; x_wconf 78' lang='lat' dir='ltr'>cccxxxiv.</span> <span class='ocrx_word' id='word_1_246' title='bbox 697 4063 865 4137; x_wconf 84' lang='lat' dir='ltr'>Succellit</span> <span class='ocrx_word' id='word_1_247' title='bbox 911 4065 1117 4139; x_wconf 71' lang='lat' dir='ltr'>Artaxerxes</span> <span class='ocrx_word' id='word_1_248' title='bbox 1151 4065 1281 4157; x_wconf 84' lang='lat' dir='ltr'>Orlrut,</span> <span class='ocrx_word' id='word_1_249' title='bbox 1332 4062 1498 4144; x_wconf 66' lang='lat' dir='ltr'>moribus</span> 
     </span>
     <span class='ocr_line' id='line_1_32' title="bbox 278 4150 1495 4255; baseline 0.009 -28"><span class='ocrx_word' id='word_1_250' title='bbox 278 4154 372 4254; x_wconf 88' lang='lat' dir='ltr'>patri</span> <span class='ocrx_word' id='word_1_251' title='bbox 398 4150 662 4245; x_wconf 85' lang='lat' dir='ltr'>diffimillimus,</span> <span class='ocrx_word' id='word_1_252' title='bbox 703 4158 834 4254; x_wconf 91' lang='lat' dir='ltr'>quippe</span> <span class='ocrx_word' id='word_1_253' title='bbox 868 4158 1016 4231; x_wconf 87' lang='lat' dir='ltr'>inmanis</span> <span class='ocrx_word' id='word_1_254' title='bbox 1048 4180 1239 4255; x_wconf 84' lang='lat' dir='ltr'>tyrannus,</span> <span class='ocrx_word' id='word_1_255' title='bbox 1271 4161 1495 4254; x_wconf 87' lang='lat' dir='ltr'>iracundus,</span> 
     </span>
     <span class='ocr_line' id='line_1_33' title="bbox 253 4247 1494 4357; baseline 0.006 -30"><span class='ocrx_word' id='word_1_256' title='bbox 253 4247 260 4257; x_wconf 79' lang='grc'>’</span> <span class='ocrx_word' id='word_1_257' title='bbox 278 4274 400 4327; x_wconf 89' lang='lat' dir='ltr'>avarus</span> <span class='ocrx_word' id='word_1_258' title='bbox 423 4269 461 4323; x_wconf 87' lang='lat' dir='ltr'>et</span> <span class='ocrx_word' id='word_1_259' title='bbox 475 4247 662 4344; x_wconf 86' lang='lat' dir='ltr'>adrogans,</span> <span class='ocrx_word' id='word_1_260' title='bbox 711 4252 747 4324; x_wconf 94' lang='lat' dir='ltr'>ui</span> <span class='ocrx_word' id='word_1_261' title='bbox 766 4253 899 4350; x_wconf 87' lang='lat' dir='ltr'>regiam</span> <span class='ocrx_word' id='word_1_262' title='bbox 927 4275 1155 4329; x_wconf 74' lang='lat' dir='ltr'>cornatorum</span> <span class='ocrx_word' id='word_1_263' title='bbox 1173 4255 1299 4346; x_wconf 90' lang='lat' dir='ltr'>caede,</span> <span class='ocrx_word' id='word_1_264' title='bbox 1334 4277 1375 4332; x_wconf 92' lang='lat' dir='ltr'>et</span> <span class='ocrx_word' id='word_1_265' title='bbox 1393 4261 1494 4357; x_wconf 90' lang='lat' dir='ltr'>prin·</span> 
     </span>
     <span class='ocr_line' id='line_1_34' title="bbox 277 4274 1495 4444; baseline 0.008 -23"><span class='ocrx_word' id='word_1_266' title='bbox 277 4347 399 4444; x_wconf 89' lang='lat' dir='ltr'>cipum</span> <span class='ocrx_word' id='word_1_267' title='bbox 425 4342 612 4443; x_wconf 86' lang='lat' dir='ltr'>sanguine,</span> <span class='ocrx_word' id='word_1_268' title='bbox 636 4274 808 4441; x_wconf 67' lang='lat' dir='ltr'>replevit,</span> <span class='ocrx_word' id='word_1_269' title='bbox 833 4348 1028 4444; x_wconf 84' lang='lat' dir='ltr'>sanguinis,</span> <span class='ocrx_word' id='word_1_270' title='bbox 1053 4353 1172 4441; x_wconf 83' lang='lat' dir='ltr'>sexus,</span> <span class='ocrx_word' id='word_1_271' title='bbox 1196 4352 1327 4428; x_wconf 84' lang='lat' dir='ltr'>aetatis</span> <span class='ocrx_word' id='word_1_272' title='bbox 1343 4380 1389 4430; x_wconf 90' lang='lat' dir='ltr'>ue</span> <span class='ocrx_word' id='word_1_273' title='bbox 1415 4358 1495 4431; x_wconf 90' lang='lat' dir='ltr'>nul-</span> 
     </span>
    </p>
   </div>
   <div class='ocr_carea' id='block_1_3' title="bbox 1431 4571 1494 4723">
    <p class='ocr_par' dir='ltr' id='par_1_3' title="bbox 1431 4571 1494 4723">
     <span class='ocr_line' id='line_1_35' title="bbox 1431 4571 1494 4651; baseline 0 0"><span class='ocrx_word' id='word_1_274' title='bbox 1431 4571 1494 4651; x_wconf 63' lang='lat' dir='ltr'>uo</span> 
     </span>
     <span class='ocr_line' id='line_1_36' title="bbox 1432 4660 1491 4723; baseline 0 0"><span class='ocrx_word' id='word_1_275' title='bbox 1432 4660 1491 4723; x_wconf 79' lang='lat' dir='ltr'>em</span> 
     </span>
    </p>
   </div>
   <div class='ocr_carea' id='block_1_4' title="bbox 275 4440 1494 4724">
    <p class='ocr_par' dir='ltr' id='par_1_4' title="bbox 275 4440 1494 4724">
     <span class='ocr_line' id='line_1_37' title="bbox 275 4440 1494 4724; baseline 0.002 -203"><span class='ocrx_word' id='word_1_276' title='bbox 275 4446 309 4521; x_wconf 88' lang='lat' dir='ltr'>la</span> <span class='ocrx_word' id='word_1_277' title='bbox 332 4440 451 4515; x_wconf 89' lang='lat' dir='ltr'>habita</span> <span class='ocrx_word' id='word_1_278' title='bbox 479 4440 635 4531; x_wconf 90' lang='lat' dir='ltr'>ratione,</span> <span class='ocrx_word' id='word_1_279' title='bbox 667 4443 771 4516; x_wconf 89' lang='lat' dir='ltr'>etad</span> <span class='ocrx_word' id='word_1_280' title='bbox 797 4466 946 4539; x_wconf 89' lang='lat' dir='ltr'>regnum</span> <span class='ocrx_word' id='word_1_281' title='bbox 969 4470 1034 4541; x_wconf 89' lang='lat' dir='ltr'>per</span> <span class='ocrx_word' id='word_1_282' title='bbox 1059 4446 1215 4520; x_wconf 90' lang='lat' dir='ltr'>sraudem</span> <span class='ocrx_word' id='word_1_283' title='bbox 1244 4468 1281 4525; x_wconf 88' lang='lat' dir='ltr'>et</span> <span class='ocrx_word' id='word_1_284' title='bbox 1306 4473 1381 4527; x_wconf 85' lang='lat' dir='ltr'>vrrn</span> <span class='ocrx_word' id='word_1_285' title='bbox 1392 4474 1494 4724; x_wconf 39' lang='lat' dir='ltr'>{er-</span> 
     </span>
    </p>
   </div>
   <div class='ocr_carea' id='block_1_5' title="bbox 273 4534 1402 4639">
    <p class='ocr_par' dir='ltr' id='par_1_5' title="bbox 273 4534 1402 4639">
     <span class='ocr_line' id='line_1_38' title="bbox 273 4534 1402 4639; baseline 0.004 -23"><span class='ocrx_word' id='word_1_286' title='bbox 273 4540 396 4635; x_wconf 81' lang='lat' dir='ltr'>venit,</span> <span class='ocrx_word' id='word_1_287' title='bbox 427 4534 485 4619; x_wconf 77' lang='lat' dir='ltr'>illa</span> <span class='ocrx_word' id='word_1_288' title='bbox 507 4538 698 4639; x_wconf 76' lang='lat' dir='ltr'>Ariaspen,</span> <span class='ocrx_word' id='word_1_289' title='bbox 721 4538 789 4620; x_wconf 86' lang='lat' dir='ltr'>hac</span> <span class='ocrx_word' id='word_1_290' title='bbox 810 4539 998 4636; x_wconf 80' lang='lat' dir='ltr'>Arsunen,</span> <span class='ocrx_word' id='word_1_291' title='bbox 1029 4540 1152 4622; x_wconf 81' lang='lat' dir='ltr'>fratres</span> <span class='ocrx_word' id='word_1_292' title='bbox 1180 4545 1345 4627; x_wconf 84' lang='lat' dir='ltr'>tollendo.</span> <span class='ocrx_word' id='word_1_293' title='bbox 1398 4616 1402 4623; x_wconf 82' lang='grc'><strong>,</strong></span> 
     </span>
    </p>
   </div>
   <div class='ocr_carea' id='block_1_6' title="bbox 0 0 1792 5884">
    <p class='ocr_par' dir='ltr' id='par_1_6' title="bbox 0 0 1792 5884">
     <span class='ocr_line' id='line_1_39' title="bbox 0 0 1792 5884; baseline 0 17"><span class='ocrx_word' id='word_1_294' title='bbox 0 0 1792 5884; x_wconf 95' lang='lat' dir='ltr'> </span> 
     </span>
    </p>
   </div>
  </div>
 </body>
</html>
