3575 5884
263 587 1645 921 ..⁴-

614 1164 654 1233 ,l
687 1152 1043 1253 :terraemotus
1082 1164 1154 1237 ’'''.
1426 1186 1504 1275 ,Μ

277 1339 396 1445 mssa
422 1337 594 1440 temporis
607 1337 882 1417 multas-subiit
906 1358 946 1417 et
968 1337 1172 1436 singulares,
1206 1340 1296 1415 nulla
1318 1340 1388 1431 est,
1415 1368 1506 1441 quae·

277 1464 364 1515 cum
391 1443 631 1514 Maccabar'cis
660 1437 898 1535 temporibus,
938 1454 977 1509 ut
1001 1436 1164 1531 adpellari
1189 1434 1323 1528 solent,
1360 1462 1500 1536 compa,

277 1542 351 1612 rari
384 1534 526 1633 potest,
569 1534 642 1609 sive
675 1536 720 1609 ad
753 1533 864 1630 ipsam
881 1555 1020 1609 reorum
1050 1530 1318 1625 conditionem,
1360 1534 1431 1607 slve
1459 1536 1503 1617 ad

280 1632 401 1709 causas
428 1630 699 1720 antecedentes,
723 1650 761 1705 et
783 1630 856 1705 sata
879 1627 1147 1724 consequentia,
1172 1630 1248 1724 quis
1273 1628 1427 1711 animum
1443 1632 1516 1717 ad„

280 1746 412 1805 vertat,
461 1727 625 1800 Felicitas
657 1752 706 1823 po
768 1724 883 1799 isuit.
902 1724 1072 1813 maxirna,
1112 1724 1306 1801 incolarum
1327 1728 1506 1811 inmensus

284 1848 469 1913 numerus,
494 1848 601 1919 opum
627 1842 665 1897 et
687 1821 892 1897 davitiarum
919 1819 1133 1897 incredibilis
1160 1821 1282 1917 copia,
1308 1823 1505 1905 dorrrinium

283 1924 389 2019 longe
423 1920 565 2016 lateque
589 1919 793 2008 extensum,
835 1942 906 2016 pax
935 1920 978 1993 ab
1007 1915 1166 1991 hostibus
1192 1922 1388 2011 extraneis,
1428 1922 1504 2001 five

281 2015 468 2094 debellatis
493 2015 678 2088 maximam
702 2034 860 2112 partem,
903 2014 975 2089 srve
1002 2014 1040 2088 in
1064 2011 1217 2108 ejusdem
1243 2012 1424 2109 religionis
1447 2020 1504 2103 seq

282 2114 455 2190 cietatem
492 2110 706 2185 coadunatis.
752 2110 1006 2185 Benedielione
1039 2107 1161 2185 divina
1200 2112 1239 2183 in
1272 2112 1510 2207 agricultura·,¹

286 2205 535 2296 commerciis,
559 2207 702 2305 aliisque
727 2206 825 2279 vitae
849 2203 1040 2294 institutis,
1073 2201 1210 2301 prorsus
1235 2202 1395 2303 singulari
1421 2233 1506 2305 gau,

285 2306 440 2394 debant,
465 2304 516 2377 ita
532 2322 576 2377 ut
602 2304 704 2399 supra
719 2305 838 2376 Patres
862 2304 1023 2399 legantur
1047 2304 1261 2395 multiplicati
1284 2321 1322 2379 et
1337 2308 1506 2383 benediciis

287 2400 347 2477 Ad
369 2400 444 2473 hoc
459 2418 576 2473 autem
602 2398 908 2495 prosperitatis-et
952 2397 1061 2473 loriae
1087 2396 1262 2495 fastigium
1289 2398 1407 2475 evecti
1424 2400 1506 2479 sunt

291 2494 440 2595 Judaei,
457 2494 535 2591 post
543 2494 760 2585 terribilem,
777 2422 998 2592 ethueuiique
1016 2492 1228 2583 inauditam,
1244 2494 1508 2589 adflictionem,

290 2592 532 2689 Epiphaneam
557 2591 630 2665 dici
655 2591 812 2682 solitam,
846 2614 912 2689 per
938 2589 1176 2665 miraculosam
1196 2592 1298 2685 plane
1321 2592 1504 2669 liberatio.

289 2712 394 2778 nem,
419 2704 458 2762 et
483 2686 579 2785 gesta
602 2687 899 2761 Maccahaeorum
923 2686 1101 2782 stupenda.
1151 2686 1250 2790 Quae
1276 2685 1347 2763 sata
1362 2686 1508 2767 suerunt

285 2783 548 2861 antecedentia.
595 2782 743 2857 Atenim
775 2781 1025 2880 consequentia
1048 2780 1132 2863 hoe.
1152 2799 1289 2877 tempus
1312 2782 1507 2880 magisad2

286 2882 358 2957 huc
394 2878 636 2953 nobilitarunt.
684 2882 825 2953 Saunma
858 2877 954 2951 enim
979 2876 1129 2952 felicitas
1148 2876 1223 2951 ruit
1256 2902 1344 2957 cum.
1359 2878 1508 2963 Melliae

288 2978 453 3051 adventu
475 2996 653 3065 connexa,
696 2974 754 3071 qui
781 2976 852 3048 hoc
875 2974 953 3070 ipso
979 2994 1140 3071 tempore
1164 2972 1258 3046 soret
1282 2975 1509 3060 manifestans

291 3075 379 3161 dus,
403 3088 444 3143 et
466 3072 508 3145 ab
531 3072 638 3145 altera
653 3089 755 3167 parte
779 3070 816 3143 in
843 3069 1071 3169 spiritualium
1091 3070 1263 3143 bonorum
1288 3073 1510 3169 ubertatem,

290 3190 491 3265 novamque
517 3167 782 3241 OEconomiam
814 3167 1026 3262 spiritualem
1055 3164 1282 3240 Christianam
1311 3170 1418 3261 exiit,
1463 3176 1509 3250 ab

289 3268 398 3340 altera
423 3287 512 3338 vero
543 3262 581 3336 in
607 3264 706 3336 totali
731 3283 767 3336 et
792 3261 1006 3360 irreparabili
1039 3259 1144 3357 Reip.
1172 3263 1335 3359 Judaicae
1363 3268 1508 3343 excidio

291 3360 483 3435 terminata
509 3357 572 3432 est.
620 3359 715 3455 Quid
741 3359 858 3455 itaque
882 3359 1029 3448 mirum,
1058 3358 1274 3451 Prophetas,
1300 3360 1417 3435 suttua
1440 3365 1511 3441 Ec,

295 3458 418 3531 clesrae
442 3456 517 3529 sata
540 3458 806 3551 praecinentes,
848 3453 886 3527 in
909 3453 1005 3527 hisce
1032 3453 1250 3549 temporibus
1274 3454 1509 3549 depingendis

292 3552 570 3650 frequentiffime
595 3552 749 3624 uersari?
774 3548 980 3623 Hoc.enim
1008 3568 1082 3622 erat
1107 3568 1263 3642 tempus,
1297 3574 1366 3645 quo
1391 3552 1509 3633 Vetus

293 3648 526 3725 Oliconomia
554 3650 651 3731 ἅκμηι
685 3649 777 3720 suam
814 3645 1117 3742 consequeretur,
1159 3643 1322 3737 promissa
1353 3646 1511 3727 foederis

292 3745 456 3819 Sinaitici
488 3745 618 3817 summa
641 3746 900 3840 complerentur
929 3738 1101 3835 emphasi,
1144 3740 1298 3815 Divinae
1322 3748 1509 3840 potentiue

292 3862 326 3914 et
346 3840 582 3928 clementiae,
608 3864 649 3912 ae
666 3864 790 3928 curae,
816 3836 1079 3935 praeclarilhma
1100 3836 1274 3933 fulgerent
1292 3840 1506 3937 specimina,

291 3938 453 4027 Meffias,
496 3934 605 4011 totius
626 3935 875 4008 OEconomiae
902 3935 1026 4026 scopus
1051 3953 1088 4005 et
1113 3936 1429 4030 complementum,
1472 3941 1510 4015 se

291 4034 512 4131 praesentem
541 4030 692 4120 sisteret,
732 4054 929 4126 novamque
955 4030 1219 4105 OEconomiam
1257 4056 1335 4111 cunr
1363 4037 1510 4110 Veteris

295 4129 493 4203 abolitione
537 4130 716 4202 conderet.
774 4129 903 4201 Nullus
945 4145 1062 4200 tamen
1095 4126 1347 4225 Prophetarum
1388 4152 1512 4206 eorum

294 4244 498 4322 temporum
524 4225 708 4315 notitiam,
739 4244 877 4321 praeter
902 4223 1071 4321 Jesaiam,
1098 4223 1155 4296 cui
1182 4225 1299 4299 noster
1326 4225 1363 4296 in
1390 4229 1512 4303 multis

295 4322 508 4417 respondet,
542 4322 665 4394 clarius
688 4342 723 4393 et
752 4322 948 4397 adcuratius
974 4320 1072 4395 dedit
1096 4320 1282 4407 Zacharia,
1318 4319 1376 4412 qui
1405 4322 1441 4395 in
1466 4346 1512 4395 eo

296 4436 392 4491 totus
417 4419 507 4507 suit,
534 4439 573 4491 ut
597 4420 765 4515 populum
792 4417 967 4492 incorum
998 4419 1141 4492 duceret
1168 4414 1413 4508 eonspts'tum,
1440 4418 1514 4510 ejus

292 4513 430 4589 animos
453 4516 522 4590 hae
548 4515 608 4605 spe
632 4514 808 4611 erigeret,
834 4516 931 4591 etad
957 4539 1045 4611 opus
1069 4512 1248 4607 praesens,
1275 4510 1514 4585 instaurandae

291 4611 453 4691 ciuitatis
474 4611 733 4712 ,etlicolesram
759 4611 815 4688 his
831 4612 1025 4783 pqpmiffis,
1050 4604 1272 4682 accenderet.
1321 4606 1436 4777 Quods
1452 4606 1521 4689 etsr

905 4725 977 4794 ra.
1431 4724 1528 4804 uepe·
