3575 5884
655 1222 818 1304 Perioolu
841 1216 984 1332 Quinta
1368 1236 1460 1325 ³177·

206 1406 343 1482 scenae
377 1401 603 1501 complexum
627 1404 918 1498 adtendendum,
959 1422 1041 1481 cun
1073 1428 1119 1483 ex
1150 1408 1313 1484 omnibus
1346 1405 1444 1482 simul

208 1501 341 1579 sumtis
363 1501 469 1574 scena
490 1499 533 1574 sit
554 1500 718 1577 eruenda
766 1501 827 1576 Est
849 1504 947 1576 euim
971 1505 1086 1577 oratio
1111 1508 1305 1601 prophetae
1321 1505 1466 1597 abram-⁴

211 1620 274 1688 ta,
301 1614 340 1669 et
362 1596 538 1691 elliptica,
569 1595 623 1671 uti
648 1617 711 1692 per
735 1614 851 1672 totum
873 1598 1020 1672 librum:
1061 1618 1099 1673 et
1122 1603 1324 1677 mandatum
1348 1599 1446 1696 plura

221 1692 414 1782 continet,
440 1715 543 1788 quam
558 1715 594 1767 v.
623 1715 655 1767 1.
681 1691 848 1784 traditur,
873 1714 913 1768 ut
928 1717 974 1769 ex
989 1696 1145 1792 sequent.
1162 1697 1289 1774 elucet.
1337 1695 1443 1796 Jube-

214 1812 278 1864 tur
309 1787 512 1883 simpliciter
542 1786 604 1862 dili
630 1810 692 1861 ere
722 1789 926 1880 mulierem,
967 1793 1066 1890 cujus
1097 1794 1261 1868 conditio
1294 1811 1332 1867 et
1365 1789 1466 1866 vita¹

211 1906 305 1960 mox
327 1883 567 1982 subjungitur,
607 1882 652 1957 ed
677 1882 716 1956 in
731 1885 885 1960 mandati
909 1886 1135 1961 exsecutione
1159 1910 1295 1981 narrat,
1319 1888 1355 1963 se
1379 1883 1443 1983 libi

212 2004 300 2056 earn
323 2001 425 2054 certo
448 1979 565 2074 pretio
586 1979 821 2074 comparalle3
847 2003 1075 2079 argumento,
1102 2006 1183 2058 eum
1205 2007 1278 2060 nou
1304 2001 1442 2058 tantum

214 2074 379 2152 debuisse
401 2074 745 2164 amare-mulierem,
788 2075 847 2150 sed
871 2077 1023 2173 primum
1052 2079 1201 2170 ducere,
1243 2100 1281 2154 et
1302 2078 1443 2154 <lusiam

215 2194 346 2246 amate.
393 2170 491 2245 Dein
514 2193 600 2245 mox
624 2168 796 2265 separatio
819 2171 939 2244 uxoris
963 2195 984 2245 a
1007 2174 1258 2248 communione
1281 2174 1339 2247 sua
1365 2175 1443 2249 sub·

215 2270 232 2366 j
307 2267 399 2357 'tur-,
423 2264 552 2362 absque
572 2284 615 2340 ut
636 2265 681 2338 de
705 2266 805 2341 causa
825 2267 964 2362 repudii
989 2267 1196 2363 inperfeiii,
1222 2270 1281 2344 seu
1304 2268 1350 2342 de
1365 2267 1443 2345 vita

217 2387 255 2438 m
306 2362 380 2437 eric
398 2379 551 2458 nuptae,
588 2360 718 2460 aliquid
742 2363 908 2452 addatur3
952 2363 1045 2461 quod
1069 2364 1187 2465 itaque
1210 2388 1256 2440 ex
1280 2362 1442 2451 antecede,

217 2480 259 2534 et
282 2456 425 2553 conseq.
447 2456 686 2557 colligendum
710 2456 781 2547 est,
797 2479 851 2531 .et
873 2458 1110 2569 supplendum.
1160 2464 1250 2537 Cum
1275 2461 1372 2535 enim
1400 2461 1442 2538 in

221 2552 332 2631 initio
362 2572 528 2652 tanqum
549 2551 705 2627 adultera
733 2551 843 2628 fiterit
864 2554 1022 2650 deprila,
1061 2575 1100 2631 et
1124 2579 1209 2632 mox
1238 2557 1278 2633 in
1301 2555 1441 2652 repudii

219 2647 457 2743 descriptione
479 2646 635 2740 dicatur,
660 2672 740 2723 eam
759 2671 833 2724 nou
855 2649 926 2724 elle
949 2651 1201 2743 scortaturam,
1232 2651 1444 2727 adulterium

218 2745 314 2821 iuter
326 2743 471 2821 duum
493 2763 533 2819 et
547 2742 765 2840 repudiatam
787 2768 936 2820 uxorem
952 2746 1198 2839 intercessisse,
1219 2746 1444 2824 manifestum

216 2840 291 2929 est;
317 2840 413 2936 quod
435 2839 555 2936 itaque
578 2842 673 2914 inter
697 2839 788 2916 vers.
816 2863 836 2914 2
860 2860 899 2914 et
925 2866 957 2938 3.
983 2843 1035 2917 est
1057 2861 1178 2916 mente
1201 2842 1438 2920 inserendum

213 2934 387 3029 Denique
408 2958 488 3010 cum
513 2956 670 3023 eventus,
691 2933 829 3030 repudii
854 2934 991 3011 silentio
1016 2938 1237 3027 involvatur,
1280 2960 1314 3012 v.
1342 2961 1374 3033 3.
1401 2937 1443 3014 in

212 3029 362 3125 apodosi
391 3054 477 3106 vero
501 3031 685 3108 conversio
718 3050 756 3106 et
779 3030 990 3108 readsumtio
1011 3033 1130 3128 populi
1161 3057 1182 3108 a
1202 3036 1286 3109 Deo
1307 3033 1445 3129 praedi·

214 3146 339 3216 catur,
377 3125 459 3202 iude
486 3126 608 3226 utique
630 3126 838 3224 supplendus
861 3127 913 3202 est
943 3147 1092 3204 eventus
1116 3127 1273 3224 repudii,
1313 3132 1446 3205 aPro·

235 3225 323 3296 heta
344 3219 520 3313 faciendi,
561 3246 725 3298 necnon
757 3223 832 3321 ejus
863 3223 1067 3318 conspeilus
1091 3246 1128 3299 et
1151 3245 1284 3304 natura.
1331 3224 1445 3301 Scenu

212 3339 357 3416 itaque,
375 3319 445 3395 uis
469 3319 631 3393 omnibus
663 3319 761 3394 simul
783 3318 923 3409 sumtis,
965 3320 1032 3396 hac
1056 3321 1194 3397 ratione
1218 3320 1288 3411 est,
1319 3320 1442 3395 secane

210 3416 300 3490 dunt
322 3436 438 3487 meam
462 3413 687 3509 opinionem,
711 3413 935 3492 instituenda.
1479 3487 1492 3500 ,

263 3510 297 3610 s.
326 3509 504 3584 CLXXX.
529 3509 680 3606 Jubetur
707 3512 885 3609 propheta
912 3537 1024 3586 amare
1053 3510 1259 3598 mulierem,
1285 3528 1396 3603 quae,
1420 3522 1444 3582 ι

218 3605 349 3685 marito
378 3627 425 3680 ex
452 3628 571 3681 amore
600 3605 726 3698 duda,
752 3606 787 3680 se
819 3607 994 3683 adulterio
1026 3603 1307 3694 contaminavit,
1344 3603 1379 3676 h.
1406 3605 1440 3679 eL

219 3700 426 3792 mulierem,
451 3725 472 3777 a
500 3701 535 3776 se
561 3700 723 3795 duum,
748 3720 807 3793 et,
831 3700 946 3776 stante
975 3700 1223 3792 matrimonio,
1248 3700 1441 3775 adulteram

218 3796 372 3887 fastam,
405 3823 540 3888 amore,
573 3798 635 3873 seu
662 3799 700 3874 in
730 3821 850 3873 amore
875 3797 955 3884 illo,
989 3820 1060 3894 quo
1090 3821 1168 3870 earn
1196 3798 1258 3873 sibi
1286 3798 1440 3895 primum

219 3891 440 3984 adsociavit,
465 3890 696 3984 continuate,
722 3918 796 3969 non
825 3891 985 3966 obstante
1013 3893 1199 3968 adulterio.
1247 3894 1330 4002 Quo
1346 3892 1440 3991 jussu

220 3990 295 4066 tria
335 3989 415 4064 sunt
444 3990 717 4087 comprehensa,
759 3985 1022 4063 matrimonium
1062 3989 1274 4078 ineundum,
1317 3986 1439 4062 uxoris

221 4085 459 4175 adulterium,
491 4105 530 4159 et
559 4085 685 4160 amoris
742 4082 999 4174 erseverantia,
1024 4083 1093 4157 sed
1121 4108 1191 4237 1¹¹⁰
1223 4085 1351 4161 amoris
1377 4106 1439 4179 ge-

209 4195 310 4257 ‘nere
330 4203 428 4270 earn,
455 4181 646 4258 adulteram
665 4180 700 4255 sa
803 4234 814 4271 ,
843 4179 1140 4277 prosequeretur&
1174 4205 1218 4256 an
1248 4204 1324 4254 eum
1343 4201 1440 4253 cotn-

222 4276 462 4376 pleiicretur,
494 4277 529 4352 ei
554 4301 599 4353 ue
629 4277 814 4375 conjugale
879 4295 1020 4373 ergoret
1046 4276 1222 4375 praestare
1252 4274 1440 4350 officium?

220 4373 323 4448 neuti
348 4388 440 4447 uam.
488 4303 557 4450 Se}
586 4369 790 4470 repudiaret
819 4299 1031 4463 adulteram,
1057 4394 1211 4447 attamen
1238 4370 1441 4468 inperseslo

220 4470 398 4565 repudio,
423 4492 493 4564 quo
521 4469 578 4545 illa
635 4467 819 4559 uniretur,
854 4467 996 4568 ejusque
1026 4468 1209 4569 illegitima
1238 4467 1443 4564 exstingues

219 4583 324 4637 retur
346 4564 479 4657 libido,
518 4493 675 4640 stmulpei
709 4565 787 4662 spes
814 4565 941 4652 fieret,
977 4562 1002 4636 st
1033 4563 1067 4638 se
1096 4582 1305 4652 convertat,
1340 4556 1437 4630 read·

216 4659 427 4833 sunTttiouiIsI,
472 4679 512 4738 et
541 4658 761 4764 receptionis
798 4661 837 4738 in
851 4663 1010 4830 isonium
1038 4654 1169 4735 mariti.
1216 4662 1441 4833 luterpreffi}

294 4779 354 4834 em.
423 4813 432 4832 .
1347 4772 1383 4828 m

412 5034 426 5075 ,.
