3575 5884
631 1136 639 1145 '
721 1120 878 1201 faido
899 1106 1063 1222 septima
1102 1128 1104 1133 '
1434 1136 1519 1227 m

282 1298 480 1402 AEgypti‚
505 1316 545 1374 et
565 1296 685 1392 Aliae,
708 1324 730 1376 a
745 1303 917 1377 Romanis
935 1285 1103 1391 subactis,
1121 1294 1268 1379 stridim
1283 1303 1414 1401 protuli
1424 1327 1439 1396 ;
1460 1304 1508 1382 n«

279 1418 347 1475 cut
373 1396 647 1496 prophetiarum
675 1398 932 1494 implementum
963 1397 1155 1488 enoescit,
1191 1400 1242 1474 ita
1266 1399 1433 1498 colligere
1460 1403 1507 1476 li·

278 1494 1290 1667 liasulllfflllntllnlllllla
1313 1515 1351 1570 εἰ
1376 1497 1503 1667 Elii}

279 1683 540 1773 instrumentis,
565 1684 607 1757 ad
624 1642 762 1780 iiidieia
774 1683 831 1757 sua
846 1684 887 1759 in
903 1616 1106 1784 tirannica,
1131 1705 1169 1760 et
1187 1610 1507 1784 pcpuinmieignoae

281 1805 354 1880 que
381 1780 476 1870 Dei,
498 1778 657 1876 opposita
680 1802 809 1876 regna,
832 1781 1075 1879 exsequenda,¹
1096 1804 1146 1854 eo
1157 1802 1343 1878 praeterea
1368 1784 1504 1881 scopo,

284 1896 326 1951 ut
347 1875 494 1952 liberior
508 1898 620 1972 tegno
645 1875 792 1951 Melliae
823 1878 943 1952 corsua
965 1877 1181 1976 aperiretur,
1214 1879 1299 1952 orbe
1322 1878 1434 1977 quali,
1459 1877 1503 1956 in

283 1992 342 2047 tot
368 1973 508 2048 diversa
530 1993 641 2066 regna
660 1969 841 2069 despotica
856 1972 995 2064 diviso,
1018 1971 1057 2047 in
1073 1996 1177 2047 unam
1194 1971 1379 2049 civitatem
1401 1999 1501 2073 mag·

283 2093 370 2144 nam
396 2067 613 2176 coadunato,
636 2084 674 2140 et
695 2091 760 2165 per
784 2069 904 2164 leges,
932 2069 1043 2165 magis
1061 2066 1171 2176 justas
1195 2091 1238 2142 ae
1259 2090 1409 2163 aequat,
1432 2094 1501 2168 gu·

282 2166 455 2274 bernato,
492 2161 644 2271 denique
670 2164 760 2270 lotus
784 2185 902 2276 tegno
923 2165 997 2260 ejut
1019 2163 1200 2271 erigendo·
1214 2186 1503 2261 praepararetur,

281 2258 547 2433 fllffldllll
566 2256 856 2429 bellete
870 2258 1377 2430 lnfffllllftlatsslt
1400 2261 1502 2464 ill?

284 2470 408 2525 tentus
428 2473 491 2524 ero
515 2447 713 2524 observato.
764 2473 796 2526 r.
820 2450 966 2526 Primum
991 2449 1063 2542 est,
1096 2453 1278 2526 Romanos
1303 2451 1347 2526 ad
1367 2450 1503 2548 judicia

287 2548 350 2625 illa
375 2544 594 2644 exsequenda
612 2567 659 2618 eo
684 2541 812 2619 redbus
839 2545 941 2622 fuiffe
965 2547 1115 2637 eleetos,
1146 2546 1240 2645 quod
1267 2571 1287 2621 a
1311 2548 1413 2645 regio
1437 2545 1502 2620 do·

288 2643 422 2718 minatu
445 2639 664 2750 alienissimi,
699 2642 936 2750 libertatisque
961 2644 1195 2751 populorum,
1228 2643 1289 2715 sub
1313 2641 1505 2739 tyrannico

284 2738 433 2839 inperio
453 2756 700 2837 gementium,
736 2734 851 2810 studio
876 2735 998 2827 duell,
1034 2738 1082 2811 ad.
1099 2759 1205 2834 regna
1230 2738 1503 2833 quaquaversum

284 2831 478 2924 abolenda,
510 2832 660 2930 populos
682 2834 725 2906 ab
749 2832 938 2929 inpotente
964 2832 1125 2908 dominio
1150 2832 1368 2923 liberandos,
1401 2833 1504 2910 linari

285 2935 332 3010 ad
347 2931 542 3026 legitimam
562 2927 643 3024 justi
665 2927 869 3026 regiminis,
895 2929 1081 3004 secundum
1100 2929 1186 3001 lixas
1208 2931 1324 3037 leges,
1352 2922 1501 3006 formam

286 3025 524 3120 redigendos,
546 3023 699 3121 aptiores
722 3024 857 3098 censeri
880 3025 1083 3120 potuerint,
1108 3024 1195 3096 sicut
1219 3044 1326 3098 etiam
1349 3028 1387 3102 in
1403 3028 1500 3125 prin·

260 3145 262 3149 ’
289 3121 393 3217 cipio
421 3118 491 3193 sese
514 3117 779 3214 praestiterunt,
820 3117 892 3195 five
927 3119 1081 3218 propriis
1103 3119 1238 3216 legibus
1272 3120 1326 3193 uti
1355 3122 1501 3198 siverint

283 3217 460 3318 populos,
485 3213 565 3290 sive.
580 3217 742 3289 Romam
761 3217 840 3312 jura
863 3215 946 3313 ipsis
966 3215 1262 3312 praescripserint.
1309 3213 1409 3318 Quae
1434 3218 1500 3293 stn-

287 3313 421 3413 gularis.
440 3313 567 3403 scena,
606 3333 644 3384 et
667 3311 706 3384 in
733 3312 883 3386 Oriente
912 3311 1092 3409 ignotior,
1136 3334 1230 3386 nunc
1257 3314 1303 3386 ob
1328 3316 1503 3410 lapientes

287 3412 444 3484 rationes
461 3426 537 3480 erat
553 3406 785 3497 instituenda,
811 3431 882 3480 nee
893 3432 958 3504 per
977 3409 1061 3482 alios
1075 3407 1204 3480 reddas
1228 3426 1391 3502 poterat,
1419 3429 1502 3483 cum

287 3529 390 3602 reges
422 3503 552 3601 ubique
587 3524 652 3598 per
678 3502 864 3577 Graeciam
900 3524 937 3576 et
961 3504 1076 3577 Asiam
1107 3525 1172 3596 pro
1197 3500 1343 3574 libidine
1376 3524 1503 3673 regna.

284 3620 379 3676 rent.
424 3599 614 3694 Exempla,
639 3597 721 3671 alibi
745 3598 767 3672 l.
794 3597 855 3673 cit.
881 3599 1069 3695 produlia,
1096 3615 1258 3690 repetere
1274 3594 1412 3693 superse
1438 3626 1502 3681 eo..

289 3720 323 3773 2.
349 3699 531 3770 Secundum
563 3693 643 3783 est,
686 3697 885 3769 Romanum
921 3693 1101 3788 inperium·
1128 3691 1294 3788 Judaicae
1324 3697 1502 3772 Ecclefiae

287 3791 512 3868 stabiliendae
546 3812 587 3861 ac
616 3790 859 3887 propagandae
884 3814 956 3863 non
984 3807 1118 3862 tantum
1144 3789 1288 3861 multum
1323 3793 1502 3886 tribuille·,

287 3888 417 3987 partim
446 3884 592 3960 hostilesr
619 3889 769 3986 populos
800 3885 1025 3983 reprimendo
1044 3922 1058 3974 ,··
1088 3886 1214 3971 partim
1242 3891 1407 3980 populum
1437 3894 1502 3986 Ju-

287 3986 413 4060 daeum
444 3981 603 4055 amicitia
625 4006 665 4055 ac
698 3982 896 4076 patrocinio
922 3981 1148 4069 honorando,
1188 3980 1232 4054 de
1262 4007 1332 4079 quo
1361 4003 1417 4057 tot
1438 3985 1500 4058 de-

288 4102 386 4157 creta
404 4101 544 4165 eorum,
571 4079 668 4150 etad
693 4101 815 4152 eorum
842 4081 1016 4172 exempla,
1044 4077 1188 4150 aliorum
1214 4084 1438 4172 populorum,
1462 4080 1504 4160 i'n

288 4178 450 4254 savorem
489 4174 704 4271 Judaeorum·
740 4197 877 4271 quoque
915 4174 1083 4248 testantur
1122 4175 1211 4270 apud
1248 4175 1318 4270 Jos.
1352 4173 1437 4248 Ant.
1473 4182 1497 4257 l,

291 4273 418 4360 XIV.,
460 4294 546 4366 quae
571 4268 736 4360 decreta,
776 4267 896 4365 postea
921 4270 1060 4357 omilin,
1093 4269 1130 4343 in
1155 4270 1262 4345 variis
1286 4267 1504 4350 editionibus

294 4367 363 4464 Jos.
397 4390 417 4440 a
443 4367 476 4475 J
505 4365 715 4456 Gronovi0‚
757 4389 803 4439 ex
834 4366 980 4465 antiqno
1004 4367 1088 4441 Mis.
1115 4369 1157 4441 ls.
1185 4360 1319 4450 Voffii‚
1349 4365 1501 4459 jimilim

291 4464 372 4538 limt
397 4462 511 4550 edita,
546 4485 618 4534 non
646 4460 756 4534 solum
780 4461 968 4558 Judaicae,
1003 4463 1161 4560 inquam,
1193 4454 1250 4527 sed
1275 4479 1311 4530 et
1335 4462 1505 4538 Christia-

296 4581 362 4634 nae
388 4556 584 4653 Ecclesiae,
622 4556 718 4637 inter
742 4558 894 4729 Judagos
918 4582 956 4635 et
981 4562 1117 4636 Gentes
1140 4550 1364 4645 condendae,
1397 4578 1512 4663 opem¹

874 4676 982 4750 οη
1491 4715 1515 4764 3
