3575 5884
512 835 626 860 .-··
717 823 1067 873 -r-·····-;
1370 845 1388 866 ..

462 882 471 891 ’
539 895 572 912 ·’
611 865 811 966 *ittunt-
830 861 980 992 ini‘nsd‘
1371 900 1419 986 tp
1524 951 1529 959 .

193 1093 284 1170 quae
302 1069 471 1146 omnbus
489 1068 562 1147 visa
586 1065 665 1145 sunt
687 1069 792 1145 nimis
817 1067 982 1158 obscura,
1006 1055 1122 1144 sensus
1137 1063 1210 1141 iiu'c
1233 1057 1349 1141 redire
1363 1067 1418 1144 vi·

193 1173 321 1258 detur,
347 1165 508 1264 capitem
535 1167 795 1254 columnarum,
820 1184 961 1264 praeter
983 1163 1169 1239 reticulum
1183 1160 1257 1238 fiiis·
1276 1161 1417 1262 distine-

197 1285 297 1355 tum,
327 1285 411 1358 ,quo
435 1263 564 1360 singula
588 1261 842 1360 cingebantur,
874 1256 1030 1334 habuisse
1057 1259 1102 1337 in*
1118 1257 1297 1335 anteriore
1319 1267 1420 1354 porto*

197 1357 257 1432 sua
281 1357 558 1456 prominentiam
582 1357 753 1456 quandam
777 1356 989 1433 admodum
1011 1353 1198 1448 vestibuli,
1214 1359 1220 1369 ’
1236 1379 1283 1430 eii
1308 1363 1420 1450 opere'

197 1454 311 1529 siliiito
328 1453 476 1544 sidiam,
494 1474 685 1552 etquutuor
702 1453 841 1529 cubitos
858 1453 1046 1549 introrsum
1058 1473 1123 1526 e-xt
1244 1511 1252 1526 .
1338 1450 1421 1526 uem'

197 1547 335 1624 senstun
360 1569 472 1625 voees
495 1547 618 1647 sponte
642 1550 700 1625 sua
724 1549 906 1624 exhibent.
954 1547 1044 1622 Vox
1066 1547 1228 1638 enini'n'
1305 1549 1419 1647 signat

197 1663 337 1744 partem
362 1645 597 1735 anteriorem,
623 1663 659 1717 et
685 1646 723 1720 iii
748 1645 901 1744 Templo
928 1637 1137 1740 nitfiibusum,
1169 1667 1210 1716 ut
1232 1645 1335 1742 supra·
1353 1667 1419 1720 no-

200 1739 290 1817 tavi.
339 1741 451 1848 Quse
464 1741 614 1840 ¹aliquod
629 1739 840 1816 vestibulum
864 1740 902 1812 su
928 1762 1014 1815 eme
1027 1739 1198 1813 fornuvit
1215 1740 1419 1837 prominen-

198 1835 252 1910 tia
277 1837 482 1929 columnae,
514 1835 620 1912 instar
645 1835 763 1935 operis
786 1839 849 1909 lini
872 1765 1008 1925 edita,
1040 1851 1080 1908 et
1102 1854 1249 1932 quatuor
1282 1836 1427 1912 cubitos

200 1931 446 2194 pgptegign
486 2027 667 2102 Memorat
708 2023 887 2122 postremo
926 2014 1073 2100 historia
1106 1993 1424 2124 malogranatorum

273 2124 349 2194 ines
371 2121 500 2218 inipso
527 2121 712 2220 capitolin,
738 2147 758 2198 a
782 2120 1037 2220 superioribus,
1062 2121 1122 2218 qui
1146 2123 1249 2216 super
1271 2119 1428 2194 ietie'uso·

204 2236 327 2306 erant,
353 2216 551 2310 distindtos,
576 2243 612 2293 v.
640 2241 697 2292 20.
745 2220 793 2290 Et
809 2221 963 2316 capitella
979 2217 1080 2316 super
1103 2221 1229 2290 duabus
1245 2213 1421 2310 erumnis,

204 2317 304 2389 etium
319 2311 460 2410 stipetur
478 2320 585 2412 juxto
609 2334 773 2404 ventrem,
797 2317 851 2410 qui
876 2311 923 2411 est
953 2311 1005 2387 cis'
1024 2316 1194 2387 reticulum
1222 2309 1296 2410 (vei
1320 2337 1341 2383 e
1365 2330 1422 2386 ie·

203 2409 316 2508 gione
344 2407 436 2508 ejus)
461 2416 559 2486 etium
593 2414 823 2504 malogranata
847 2411 1006 2497 ducenta,
1049 2406 1202 2506 (scilicet
1226 2405 1428 2506 habebant}

204 2507 371 2579 oridnibur
403 2511 521 2581 circum
544 2505 646 2603 super
672 2521 893 2579 coronamento
917 2499 1078 2600 secundi,
1120 2495 1261 2578 scilicet.
1287 2523 1358 2576 uno
1373 2511 1431 2579 'et

203 2601 345 2674 aiteio:
366 2599 573 2696 quodenim
599 2598 798 2695 desecando
823 2591 974 2689 dicitur,
999 2599 1041 2671 ad
1053 2602 1193 2694 prbrum
1218 2597 1325 2671 etium
1341 2608 1431 2697 per-3

207 2695 323 2782 tinet,
348 2714 389 2769 ut
411 2693 462 2786 est
484 2721 519 2771 x.
549 2717 604 2786 ις.
653 2691 778 2768 Sensus
793 2691 865 2784 est,
889 2693 1076 2781 reticulum
1102 2719 1173 2768 non
1199 2715 1335 2769 tantum
1351 2701 1432 2769 mai*

205 2792 250 2866 lis
273 2790 413 2887 punicis
431 2789 531 2864 suiss'e
554 2801 783 2881 exornatum,
808 2790 862 2864 uti
878 2816 913 2866 v.
927 2884 929 2886 v
943 2797 999 2870 18.
1026 2810 1102 2864 erat
1115 2789 1269 2881 ditum,
1293 2789 1353 2864 sed
1368 2790 1428 2892 ip·

203 2887 280 2961 sum
312 2908 453 2984 quoque
488 2884 685 2983 capitellum
718 2887 761 2960 in.
785 2904 887 2981 parte
918 2885 979 2960 sus
1007 2885 1045 2960 su
1070 2885 1185 2960 eriore
1215 2906 1254 2962 et
1286 2889 1432 2983 medii,

204 2983 269 3058 hic
284 3003 398 3058 ventre
422 2981 535 3070 disis,
560 2981 745 3080 eregione
770 2979 937 3072 reticuli,
983 3008 1005 3056 ιι
1075 2977 1119 3055 ad
1133 3001 1299 3056 ventrem
1325 2981 1426 3060 vide-

205 3097 267 3153 tur
281 3078 474 3175 pertigisse.
524 3079 689 3152 Habebat
712 3096 829 3150 autem
847 3007 1068 3179 capiteiium,
1094 3075 1170 3151 istis
1191 3076 1234 3152 iti
1244 3079 1432 3174 partibus,

210 3197 285 3247 ooo
308 3175 396 3285 malt
429 3171 575 3282 punica,
607 3171 713 3282 trariis
743 3169 924 3250 ordinibus
957 3171 1042 3248 illud
1075 3169 1280 3247 ambientis:
1326 3171 1441 3280 Atio„

211 3291 292 3340 rum
313 3291 358 3341 co
384 3287 547 3342 iunones
570 3287 688 3343 mitto.
780 3286 784 3302 ⁴
949 3334 952 3340 r

261 3359 293 3460 s.
319 3293 465 3438 XsXIl.
505 3365 586 3438 Hae
611 3363 791 3438 columnae
816 3371 936 3438 coium
957 3353 1132 3438 vestibulo
1155 3360 1253 3438 aedis
1278 3343 1441 3457 siierunt‘,

266 3455 367 3548 sitae,
393 3477 430 3534 et
446 3459 669 3558 singularibus
684 3459 904 3549 nominibus,
929 3480 998 3530 una
1012 3453 1158 3551 Jacsiin,
1183 3461 1291 3535 astera
1306 3457 1427 3552 Boas,

208 3553 398 3650 insignitae
422 3581 456 3631 v.
485 3579 541 3632 21.
590 3557 750 3661 Quorum
775 3552 985 3651 significatio
1009 3553 1134 3631 clarior
1156 3547 1228 3647 est',
1254 3579 1356 3649 quam
1373 3582 1428 3630 ra·

209 3647 288 3740 tin,
314 3673 418 3744 quare
443 3651 613 3726 columnis
638 3649 771 3724 suerint
789 3649 970 3747 insculpta.
1017 3649 1117 3726 Prius
1140 3651 1235 3727 enim
1274 3654 1329 3726 ’θ’
1387 3680 1445 3734 α·,

210 3747 285 3822 csiin
307 3745 478 3840 significet
499 3750 670 3844 firrnabi't,
697 3763 735 3818 et
749 3743 922 3852 posterius
945 3744 1141 3848 ΜΒΝ,
1166 3751 1200 3822 in
1225 3655 1291 3846 ipio
1314 3773 1348 3822 ro
1391 3775 1432 3824 r..

210 3840 311 3946 Quae
332 3841 453 3939 junsta
475 3841 651 3940 duplicem
675 3839 846 3916 exhibent
867 3842 1096 3937 sententiam,
1122 3867 1245 3932 unam,
1272 3843 1428 3940 firmabit

209 3943 260 4026 is,
286 3943 319 4009 in
341 3963 404 4030 qno,
423 3945 517 4013 robur
544 3938 609 4036 ψ,
634 3937 670 4012 ii.
696 3959 728 4010 e.
754 3931 886 4027 Jesiova
899 3941 1073 4037 firmabit,
1098 3936 1196 4042 quod
1214 3963 1286 4012 uno
1309 3930 1450 4017 nomi-s.

211 4057 258 4106 ne
275 4033 412 4136 ΓΜῬ
432 4033 592 4126 Jo‘ochin
611 4030 839 4128 exprimitur,
865 4037 1028 4126 alteram,
1044 4038 1195 4134 finnabit
1212 4059 1304 4126 eum,
1328 4041 1429 4136 cujus

209 4126 426 4239 gsli'itipso,
466 4059 601 4206 seilicet
627 4127 784 4224 Jebova,
825 4135 922 4204 robur
953 4133 992 4205 h.
1016 4155 1050 4207 e.
1083 4131 1144 4226 qui
1192 4130 1250 4203 ius
1275 4129 1347 4221 est,
1388 4150 1431 4203 et

209 4221 275 4321 ipsi
300 4223 434 4316 fidens,
468 4247 549 4302 etim
574 4221 728 4300 firmabit
755 4221 917 4321 Jehova,
956 4225 1016 4302 cui
1039 4225 1128 4298 haec
1198 4246 1273 4300 mur
1297 4222 1352 4300 est‘
1373 4222 1429 4300 di·

211 4333 300 4394 caiz.
349 4321 507 4418 Utraque
531 4317 705 4400 sententia
733 4321 940 4491 tonginstr,
974 4317 1077 4400 statui
1099 4317 1238 4423 potest,
1271 4315 1431 4398 salomo

856 4439 875 4488 2
1346 4440 1430 4496 ilem
