3575 5884
726 1168 733 1186 ,
835 1096 986 1176 Scaena.
1430 1101 1515 1193 ,τω

280 1294 321 1355 et
338 1274 504 1371 incensa,
529 1300 563 1352 a.-
586 1278 630 1354 U.
651 1277 691 1354 C.
736 1284 794 1377 ⁶3·
844 1279 1003 1356 Patribus
1020 1276 1057 1355 in
1076 1276 1251 1379 Capitolio
1268 1283 1376 1376 pers
1390 1279 1509 1360 Mens.

277 1373 447 1465 obsessis,
489 1376 575 1449 illud
598 1300 815 1451 defendente
850 1377 1014 1467 Manlio,
1053 1377 1139 1451 inde
1164 1375 1365 1475 Capitolino
1387 1376 1508 1471 disto,

278 1472 344 1569 qui
360 1470 467 1564 dein,
495 1475 541 1545 ob
557 1494 706 1568 regnum
723 1471 957 1562 adsesiatum
983 1474 1028 1548 de
1054 1473 1136 1549 saxo
1154 1475 1312 1571 Tarpeio
1330 1471 1509 1569 dejestust,

281 1564 430 1669 periit..
462 1568 626 1641 Camillus
650 1592 760 1654 Vero,
801 1572 844 1643 ab
867 1569 978 1644 exilio
1005 1589 1211 1662 revocatus,
1248 1570 1364 1662 Gallos
1388 1568 1509 1665 inprot

280 1664 363 1742 viso
388 1654 583 1759 adgressus,
611 1664 819 1757 debellavit,
844 1686 882 1739 ct
898 1670 1018 1741 Patres
1041 1660 1229 1758 liberavit,
1252 1669 1341 1741 alter
1370 1667 1508 1741 Romu

282 1765 336 1841 lus
363 1780 556 1857 propterea
582 1759 706 1837 dietus.
756 1785 789 1851 5.
816 1765 1032 1841 Samniticum
1066 1786 1145 1837 anu.
1170 1785 1240 1856 70,
1271 1766 1315 1837 ab
1339 1788 1369 1840 a.
1396 1764 1442 1838 U.
1469 1763 1509 1838 U.

283 1882 385 1952 410,
425 1858 694 1948 continuatum,
730 1857 814 1931 inde
838 1878 975 1951 ortum,
1018 1861 1112 1956 quod
1139 1857 1312 1932 Samnites
1336 1872 1510 1934 vexarent

284 1960 506 2050 Campanos,
533 1954 647 2027 socios
675 1957 942 2048 Romanorum,
969 1955 1102 2052 quippe
1131 1956 1189 2050 qui
1217 1953 1289 2028 sese
1315 1955 1511 2030 Samnitum

283 2070 390 2129 metu
411 2047 619 2123 dediderant
641 2050 825 2126 Romanis.
876 2052 935 2125 Bis
970 2051 1059 2126 visii
1085 2050 1257 2126 Samnites
1283 2049 1425 2125 tandem
1446 2074 1512 2146 pa·-

285 2171 369 2237 pern
394 2144 628 2242 inpetrarunt.
677 2147 761 2246 Quo
796 2146 833 2219 in
858 2148 951 2223 bello
983 2146 1085 2223 multi
1111 2147 1196 2222 sassi
1230 2147 1309 2220 sunt
1335 2146 1510 2245 celebret,

286 2244 326 2333 iu
360 2239 486 2340 primis
509 2241 679 2339 Papyrius
705 2243 851 2333 Cursor,
893 2245 1021 2319 Fabius
1057 2243 1259 2334 Maximus,
1292 2262 1329 2316 et
1357 2241 1512 2333 Decius,

287 2341 349 2440 qui
378 2338 414 2413 se
439 2360 506 2434 pro
530 2338 691 2412 exercitu
712 2337 874 2419 devovit.
925 2340 1090 2438 Denique
1117 2348 1150 2416 6.
1180 2340 1412 2427 Tarentinum,
1447 2356 1509 2412 out

285 2436 426 2537 pasione
450 2434 608 2531 praebita
634 2459 655 2507 a
684 2435 911 2525 Tarentinis,
937 2436 997 2533 qui
1026 2437 1117 2511 claffi
1143 2456 1181 2511 et
1207 2438 1350 2534 Legatis
1376 2436 1510 2507 Roma·

286 2555 415 2610 norum
442 2531 519 2605 vim
542 2550 579 2604 et
607 2530 770 2628 injuriam
802 2531 1003 2610 intulerant.
1053 2534 1136 2632 Quo
1161 2553 1322 2629 tempore
1336 2530 1511 2630 Pyrrhus,

289 2629 521 2706 Eirutarum
548 2651 631 2717 rex,
657 2652 677 2701 a
703 2628 908 2703 Tarentinis
933 2628 971 2702 in
996 2631 1164 2705 auxilium
1189 2649 1335 2703 vocatus
1381 2627 1425 2701 iis
1474 2642 1515 2702 er

289 2655 535 2824 Hismarus,
560 2745 665 2820 ¹quos
690 2722 825 2818 primus
857 2722 909 2798 ibi
942 2725 1132 2821 produxit,
1173 2742 1306 2800 metum
1342 2744 1380 2796 tn
1406 2718 1515 2797 imtiu

290 2822 451 2911 iucuffit,
477 2819 536 2894 sed
561 2817 660 2896 brevi
690 2818 888 2916 superatus,
915 2846 956 2895 ac
982 2825 1085 2897 rebus
1111 2822 1180 2898 suis
1203 2814 1514 2919 desperatis,·lta'·

291 2920 374 3011 liam
400 2913 572 2992 deseruit:
617 2915 755 3010 quando
782 2917 972 2992 Tarentini
1005 2918 1095 2993 visti
1128 2919 1166 2991 in
1194 2922 1515 3011 Romanorumre·

291 3014 388 3093 datii
415 3013 494 3087 sunt
518 3013 749 3109 potestatem,
785 3036 815 3086 a.
843 3016 889 3088 U.
918 3017 956 3090 C.
982 3024 1066 3106 481.
1116 3016 1199 3088 Hoc
1224 3017 1352 3089 bellurn
1378 3038 1424 3088 eo
1451 3032 1516 3089 no·

294 3109 438 3188 tabilius
472 3108 542 3199 est,
586 3108 678 3206 quod
714 3130 823 3181 artem
859 3110 1047 3185 militarent
1083 3110 1273 3186 didicerint
1308 3136 1328 3186 a
1360 3111 1518 3209 Pyrrho,

294 3228 333 3283 et
366 3207 410 3282 ad
449 3207 577 3281 bellum
616 3223 715 3279 extra
749 3203 884 3280 Italiam
925 3208 1202 3283 transferendum
1246 3207 1384 3282 incitati
1420 3206 1517 3298 lint,

294 3300 469 3393 Romani,
512 3301 564 3375 uti
589 3301 627 3375 in
653 3301 746 3376 bello
766 3302 901 3376 Punico
924 3304 1195 3398 primo'ststum
1223 3303 1292 3392 est,
1335 3299 1518 3396 postquam

296 3422 371 3493 500
394 3397 470 3473 sere
497 3417 607 3472 annos
633 3397 753 3471 Italiae
779 3396 989 3493 subigendae
1018 3399 1280 3496 inpendissent3
1306 3397 1412 3495 longe
1438 3399 1517 3472 bre*

297 3497 401 3607 aiore
426 3513 607 3592 ternpore,
643 3517 714 3567 200
739 3492 877 3569 scilicet
900 3519 1092 3588 annorum,
1126 3494 1223 3572 orbis
1246 3491 1424 3592 inperium
1457 3496 1517 3572 ad⁴

349 3613 391 3669 tr.

302 3752 305 3757 .
348 3687 382 3789 §.
405 3686 613 3762 DLXXVI.
654 3686 784 3761 Extera
810 3688 898 3762 bella
933 3689 1074 3762 fuerunt
1103 3713 1132 3764 1.
1157 3688 1317 3761 Punicum
1340 3689 1519 3785 primum,

300 3784 396 3885 quod
424 3806 504 3858 ann.
532 3803 578 3870 25
603 3781 761 3872 duravit,
802 3806 927 3860 contra
953 3783 1277 3882 Carthaginienses,
1319 3785 1517 3863 finituma.

300 3887 350 3960 U.
376 3883 416 3956 C.
443 3901 538 3969 512,
563 3876 681 3951 fratris
697 3879 1036 3977 Carthaginiensibus
1061 3904 1125 3978 per
1147 3878 1317 3958 Duillium
1342 3900 1379 3954 et
1396 3881 1519 3956 atriti·-

295 3998 386 4068 um,
410 3975 476 4049 hac
503 3973 733 4063 conditione,
767 3994 826 4059 ut,
859 3999 999 4074 praeter
1023 4001 1129 4073 grave
1155 3976 1343 4065 tributum,
1375 3975 1518 4071 Sicilia,

303 4071 533 4166 omnibusque
553 4070 590 4142 in
609 4093 704 4143 mare
721 4070 989 4148 Mediterraneo
1005 4073 1146 4169 Insulis,
1174 4077 1398 4152 excederent.
1447 4078 1520 4151 Oc·

300 4173 478 4250 casroncm
507 4165 588 4239 belli
612 4166 774 4264 praebuit
792 4170 950 4245 Messana
975 4170 1136 4266 Siciliae,
1164 4194 1271 4340 guae,
1296 4171 1519 4264 a‘Syracusa·

304 4271 360 4346 nis
385 4280 608 4362 oppugnata,
642 4286 721 4358 pars
746 4263 789 4337 ad
815 4267 1014 4359 Romanos,
1039 4292 1119 4366 pars
1143 4292 1161 4341 a
1211 4265 1396 4362 carthag,
1422 4268 1520 4342 auxi·-

304 4368 344 4444 lii
374 4362 493 4452 causa,
526 4357 735 4457 spedtavit,
763 4360 821 4436 sed
851 4388 935 4439 vera
959 4366 1056 4441 causa
1089 4362 1274 4439 aemulatio
1302 4362 1371 4435 fuit
1396 4362 1523 4439 horum
1559 4375 1564 4386 '

303 4459 539 4564 populorum,
565 4454 609 4529 de
634 4455 765 4534 summa
780 4457 912 4556 inperii
937 4462 974 4536 in
994 4467 1100 4550 orbe,
1124 4480 1217 4533 terra
1233 4458 1407 4554 marique,
1438 4482 1525 4535 con·

268 4599 271 4604 ·
303 4557 454 4645 tendere
478 4550 745 4655 incipientium.
799 4557 985 4731 Caghfagfin.
1019 4557 1116 4635 enirn
1138 4554 1313 4635 Africam·
1324 4557 1397 4656 jam
1421 4568 1527 4732 gene·

303 4728 307 4735 .
965 4675 992 4749 4
1447 4672 1528 4746 ant,
