3575 5884
217 912 232 931 e
278 908 284 921 Ο

274 1066 353 1158 600
731 1059 897 1163 lustum
919 1049 1060 1141 idimon.

279 1277 320 1335 et
344 1246 525 1351 Principis
556 1269 599 1324 ac
625 1246 838 1343 superatoris
871 1232 1050 1337 adsumto,
1092 1232 1307 1323 Tribunitia
1339 1240 1491 1345 p'otestatt

280 1366 420 1430 tanturn
447 1348 507 1422 sub
533 1345 648 1443 specie
675 1344 805 1416 tutelae
822 1342 946 1440 ¹plebis
967 1344 1155 1440 adoptata,
1190 1362 1350 1420 attamen
1372 1347 1441 1422 vim
1463 1364 1491 1420 et

282 1447 495 1552 potestatem
528 1437 657 1537 inperii
692 1437 768 1535 ipse
802 1439 875 1513 fibi·
898 1439 1077 1531 adseruit,
1111 1460 1150 1512 et
1176 1439 1352 1515 exercuit.
1399 1443 1491 1517 Deni·

308 1570 351 1619 ue
377 1540 518 1616 summis
542 1536 592 1610 est
623 1537 818 1609 cumulatus
842 1537 1057 1626 honoribus,
1089 1559 1131 1609 ac
1155 1536 1348 1633 splendidis
1379 1538 1511 1630 oculs„

280 1642 336 1721 nti
359 1636 500 1733 Augusti
522 1634 557 1706 lr.
584 1655 616 1705 e.
642 1631 872 1723 sacrosancti,
897 1657 917 1704 a
942 1655 1034 1706 uoce
1067 1655 1170 1728 augur
1189 1633 1358 1708 derivato
1393 1635 1491 1711 nomi·

284 1762 350 1825 ne,
385 1726 436 1805 uri
462 1755 482 1806 a
508 1730 618 1803 robur
645 1727 791 1822 robustus
817 1750 888 1804 etc.
915 1728 1002 1802 sicut
1026 1734 1104 1806 loca
1126 1728 1311 1826 religiosa,
1346 1750 1384 1803 et
1404 1756 1494 1830 augo·

281 1852 358 1908 rato
378 1825 606 1913 consecrata,
630 1824 845 1922 adpellantur
863 1823 1023 1922 augusto,
1049 1826 1146 1898 Suet.
1167 1825 1203 1897 iu
1223 1827 1319 1921 Aug.
1345 1828 1494 1902 Mortuus

306 1947 423 2022 uoque
457 1923 552 1997 inter
585 1921 689 1996 Divos
722 1920 791 1994 suit
816 1923 943 1994 relatus
976 1944 996 1992 a
1029 1920 1169 2011 senatu,
1213 1921 1308 1993 obiit
1332 1924 1444 1998 Nolae
1465 1927 1495 1997 iu

281 1953 493 2119 imparia,
518 2041 564 2093 ex
582 2016 651 2090 alei
672 2017 870 2115 profluvio,
896 2018 990 2090 inter
1006 2015 1131 2089 Liviae
1148 2015 1269 2091 amoris
1298 2017 1412 2093 oscula
1429 2021 1493 2116 qui·

280 2120 385 2208 dem,
427 2113 486 2189 sed
520 2137 592 2187 non
624 2112 697 2186 srne
730 2113 926 2210 suspicione
962 2113 1092 2187 veneni
1125 2111 1276 2184 aLivia
1308 2116 1497 2209 procurati,

282 2235 326 2293 ut
351 2210 463 2287 refert
489 2210 588 2285 Dion
607 2207 694 2283 Cass.
719 2210 741 2283 Ι.
769 2217 819 2299 56
840 2210 935 2283 Ann.
964 2212 1009 2284 U.
1037 2212 1076 2283 C.
1104 2216 1174 2301 7⁶7
1200 2208 1295 2282 nur.
1332 2211 1382 2286 V.
1404 2221 1494 2304 '14tu

328 2312 361 2411 ᾗ.
387 2307 607 2382 DLXXXII.
642 2304 824 2379 Successor
842 2306 938 2395 e‘us,
969 2306 1120 2378 Tiberius
1143 2304 1257 2395 Nero,
1283 2303 1378 2380 filius
1396 2308 1495 2382 Tibe·

282 2405 330 2483 rii
355 2403 513 2479 Neronis
537 2422 575 2475 et
600 2401 724 2474 Liviae
752 2400 943 2491 Drusrlae,
978 2399 1139 2498 Augusto
1163 2399 1247 2474 dein
1272 2421 1428 2497 nuptae,
1458 2405 1496 2478 ab

280 2501 445 2600 Augusto
468 2499 673 2594 adoptatus,
707 2495 864 2571 triennio
888 2518 970 2572 ante
1002 2517 1152 2569 mortem
1176 2496 1323 2591 quidem
1350 2501 1496 2575 Procon-

280 2599 381 2676 sulari
416 2595 590 2695 dignitate
616 2595 658 2667 ab
686 2617 731 2666 eo
765 2611 839 2667 erat
864 2593 1072 2682 honoratus,
1114 2611 1153 2665 et
1175 2590 1215 2667 in
1239 2592 1423 2688 aliqualem
1450 2597 1499 2671 in·

281 2694 376 2797 perii
406 2690 695 2767 communionem
711 2689 878 2780 adscitur,
903 2689 963 2762 sed
984 2691 1147 2787 inperare
1171 2712 1243 2763 non
1264 2688 1331 2763 nifi
1357 2693 1496 2767 defunc·

281 2811 322 2867 to
348 2786 510 2885 Augusto
533 2785 675 2882 coepit,
701 2785 791 2858 adeo
818 2805 857 2859 ut
881 2807 961 2860 ann.
990 2809 1034 2882 23
1063 2783 1194 2881 inperii
1219 2785 1296 2882 ejus
1321 2786 1407 2862 inde
1430 2791 1499 2885 sup

280 2882 401 2990 putari
436 2882 589 2971 soleant3
629 2881 726 2956 secus
755 2906 796 2954 ac
822 2881 996 2956 nonnullis
1031 2880 1191 2973 videtur,
1231 2880 1292 2979 qui
1326 2885 1416 2960 Luc.
1441 2887 1500 2963 lll.

283 3005 413 3060 annum
449 2997 565 3068 15tum
600 2977 701 3076 regni
735 2978 829 3074 ejus,
870 2978 1149 3052 aProconsulari
1184 2977 1363 3145 disgnitate
1395 2983 1501 3080 repeti

277 3077 445 3166 censent,
470 3094 596 3148 contra
621 3075 780 3148 omnium
805 3073 1054 3149 historicorum
1085 3075 1310 3163 consenum,
1336 3099 1406 3150 nec
1424 3103 1499 3153 con·

279 3193 452 3279 gruenter
483 3169 651 3268 potestati
685 3171 875 3259 Procons,
917 3170 1012 3243 inter
1045 3194 1146 3269 quam
1179 3187 1217 3241 et
1251 3172 1500 3267 Inperatoriam

282 3271 392 3353 nimis
420 3290 584 3368 magnum
613 3264 664 3340 est
687 3266 884 3342 discrimen.
933 3265 1024 3340 Acta
1047 3283 1085 3338 et
1108 3263 1225 3362 gesta,
1252 3285 1397 3362 praeter
1422 3271 1498 3344 viti·

280 3392 385 3450 orum
420 3385 458 3440 et
496 3364 542 3440 fla
569 3361 713 3437 itiorum
749 3360 982 3454 exercitium,
1023 3363 1115 3436 nulla
1145 3363 1411 3456 memorabilia,
1451 3368 1500 3440 seu

283 3465 406 3543 nostra
430 3463 636 3537 adtentrone
670 3459 796 3557 digna,
836 3457 1004 3559 prostant.
1053 3455 1229 3531 Praestitit
1264 3476 1387 3534 autem
1415 3463 1501 3550 sese,

281 3560 396 3640 indoli
432 3556 721 3647 convenienter,
762 3557 921 3631 callidum
954 3554 1206 3643 simulatorem,
1251 3553 1445 3652 malignum
1470 3575 1501 3631 et

281 3655 486 3741 crudelem3
511 3655 569 3728 sed
589 3673 626 3726 et
651 3653 725 3726 vita
749 3654 893 3751 dignum
918 3651 1038 3726 nasius
1063 3649 1114 3723 est
1138 3650 1294 3737 exitum,
1322 3650 1421 3728 inter
1435 3658 1502 3729 dira

280 3749 523 3829 conscientiae
542 3748 694 3825 tormina
719 3746 896 3838 mortuus,
923 3749 965 3823 ad
982 3770 1142 3843 magnam
1162 3746 1289 3856 populi
1315 3751 1516 3845 laetitiam,

280 3872 363 3927 cum
393 3844 598 3943 praefuisset
625 3846 700 3919 sere
726 3869 744 3918 2
797 3870 917 3921 annos.
966 3848 1134 3920 Ceterum
1160 3865 1196 3916 rn
1226 3842 1386 3917 ultimam
1409 3849 1500 3946 inpe-

279 3947 327 4022 rii
365 3945 440 4016 e'us
476 3941 665 4037 periodum
693 3941 821 4017 incidit
857 3942 1037 4041 publicum
1063 3937 1444 4039 Johannis-Baptistae
1471 3962 1502 4018 et

281 3970 435 4128 euritii,
461 4037 649 4111 servatoris
669 4037 798 4130 nostri,
825 4064 969 4127 munus,
996 4039 1089 4135 quod
1112 4030 1285 4129 nunejus
1312 4057 1393 4127 15to
1410 4043 1502 4115 incc-

278 4138 359 4241 pit,
393 4140 480 4209 Luc.
508 4135 570 4207 lll.
606 4133 650 4204 de
682 4159 752 4227 quo
777 4136 908 4234 postea.
959 4138 1042 4209 Nec
1075 4133 1199 4207 melior
1221 4131 1288 4204 fuit
1320 4136 1398 4232 ejus
1432 4139 1501 4213 suc·

282 4235 395 4310 celsor
430 4235 532 4326 Cujus
570 4230 740 4325 Caligula,
788 4232 992 4306 Germanici
1031 4257 1076 4305 ex
1112 4227 1331 4324 Agrippina,
1376 4235 1466 4331 Agri

308 4356 347 4406 ae
376 4346 413 4400 et
436 4327 549 4424 Juliae
576 4329 663 4415 filia,
690 4324 799 4417 filius,
833 4352 870 4401 et
897 4350 1009 4424 nepos
1038 4322 1162 4403 Druu.
1199 4325 1313 4399 fratris
1342 4329 1504 4418 Tiberii,

281 4433 325 4505 ab
352 4425 449 4523 ipsu,
483 4422 574 4517 jussu
602 4418 770 4519 Augusti,
808 4424 1006 4519 adoptatus.
1057 4424 1139 4497 Fuit
1164 4421 1261 4525 enim
1287 4446 1443 4522 corpore
1470 4447 1505 4501 et

278 4525 402 4611 animo
427 4519 630 4615 delormis,
650 4517 799 4599 libidine
822 4539 860 4596 et
883 4518 1030 4600 saevitia
1051 4515 1222 4607 celebra,
1256 4537 1396 4601 mutum
1423 4526 1512 4696 lilppu

267 4636 282 4660 ‘
968 4634 971 4643 '
1436 4643 1455 4696 r
