3575 5884
550 966 558 981 .
642 904 795 985 anuas
817 894 974 987 ειη
1017 882 1084 901 ”
1347 888 1437 1010 333:
1582 936 1588 945 x

177 1111 250 1163 nec
276 1086 369 1163 alios
393 1110 460 1185 per
483 1086 690 1187 provincias
714 1087 822 1165 abiis
853 1084 991 1165 occisos
1016 1082 1106 1180 esse,
1141 1110 1244 1187 qnam
1270 1088 1330 1187 qui
1356 1088 1413 1191 ip·

175 1192 234 1260 Ios
252 1183 437 1259 hostiliter
463 1185 687 1275 invaserunt,
715 1184 768 1260 uti
792 1208 914 1281 exigi.
941 1209 972 1257 c.
1000 1185 1064 1258 IX:
1094 1210 1127 1275 1,
1154 1209 1188 1275 a,
1217 1192 1274 1259 16.
1321 1188 1412 1263 Cum

175 1282 306 1377 itaque
331 1304 364 1353 c.
390 1282 454 1355 IX:
483 1303 517 1355 2.
538 1282 689 1357 babetur
705 1304 811 1355 nemo
835 1281 978 1357 umam
997 1284 1100 1372 W,
1129 1282 1211 1355 illud
1228 1302 1309 1354 cum
1328 1282 1407 1357 Lat.

177 1380 393 1474 Interprete
425 1399 499 1450 non
534 1376 585 1451 est
618 1376 856 1468 vertendum,
898 1380 998 1450 ausus
1020 1376 1099 1471 suit
1131 1376 1207 1474 ipſsa
1240 1372 1408 1472 restllere,

177 1494 223 1547 ut
243 1498 293 1547 ex
314 1470 421 1575 distis
436 1490 555 1569 patet,
579 1472 639 1547 sed
663 1495 769 1548 nemo
783 1472 956 1571 substitit,
981 1473 1041 1547 seu
1058 1476 1204 1571 firmiter
1218 1471 1343 1644 i[letit,
1369 1472 1408 1551 in

181 1568 435 1667 oppugnandis
451 1566 613 1665 Judaeis,
640 1568 729 1643 adeo
748 1587 788 1642 ut
803 1592 925 1643 omnes
944 1592 1069 1642 eorum
1086 1569 1203 1643 hostes
1233 1570 1411 1644 uccubue·
1539 1579 1541 1582 ’

184 1668 281 1755 rint,
308 1684 348 1738 et
364 1662 519 1760 superati
542 1662 697 1754 fuerint,
725 1664 784 1762 qui
803 1689 864 1739 eos
880 1662 1077 1754 hostiliter,
1101 1664 1220 1739 editio
1238 1663 1412 1741 Hamania

184 1761 343 1850 muniti,
368 1758 582 1836 invaserunt.
631 1760 713 1865 Quo
739 1760 836 1835 sensu
867 1760 1001 1858 pluralis
1030 1760 1177 1837 sumitur
1202 1760 1272 1858 Jos.
1297 1762 1343 1836 X:
1371 1770 1408 1845 8.

183 1860 286 1933 XXI:
313 1880 375 1951 43.
401 1857 535 1929 XXIII:
563 1878 599 1947 9.
622 1876 660 1929 et
684 1855 780 1930 alibi.

234 1952 266 2051 I.
291 1952 567 2029 CCCLXXXII.
593 1950 676 2025 Fuit
698 1953 815 2048 itaque
839 1951 967 2059 bellum
991 1950 1074 2027 illud
1099 1950 1137 2026 in
1162 1974 1274 2065 tegno
1290 1950 1412 2059 Iffersa·

187 2075 287 2141 rum,
302 2071 370 2145 per
382 2070 507 2157 omnen
544 2045 742 2157 povincias,
760 2044 986 2156 intestinum,
1003 2072 1049 2123 ex
1068 2050 1241 2147 oppositas
1256 2044 1408 2138 edetis,

185 2144 469 2315 peminfeiiicem
496 2073 720 2315 “inffafegni
755 2142 1021 2314 qondttionem,
1055 2154 1211 2255 ortum,
1234 2165 1325 2219 vero
1346 2141 1411 2217 suo

189 2264 359 2428 Infit
388 2259 1058 2435 aba“lntlllatllllllc
1072 2265 1129 2411 l?
1142 2260 1410 2504 ellssuiiluel,

186 2458 229 2605 ²1(i
254 2458 275 2506 a
297 2450 397 2531 parte
413 2432 625 2627 {udaeorum
640 2430 878 2522 defemvum,
902 2432 963 2507 sed
987 2436 1033 2509 ab
1047 2434 1154 2507 altera
1177 2457 1202 2505 o
1231 2431 1411 2516 enlivum3

189 2552 403 2723 quiodgiuin
430 2624 510 2699 neci
539 2623 778 2714 inminebant,
813 2641 873 2697 aut
897 2622 1000 2697 bonis
1022 2622 1222 2699 inhiabant:
1248 2643 1412 2699 nectam
1516 2708 1519 2717 Ι

189 2745 277 2799 cum
301 2720 430 2812 Persis,
459 2744 562 2830 quam
586 2718 808 2829 peregrlnis,
833 2738 892 2810 et,
916 2736 957 2792 ut
980 2718 1143 2829 videtur,
1169 2718 1321 2819 antiquis
1348 2721 1370 2818 J
1395 2760 1410 2775 ·

191 2818 361 2893 daeorum
384 2816 561 2906 hostibus,
602 2840 668 2928 per
691 2830 892 2987 provincias
920 2837 1027 2912 regna
1049 2814 1179 2891 Perfici
1202 2816 1340 2913 sparsis,
1366 2836 1412 2890 ex

240 2971 248 2987 .
267 2912 683 3003 Amaekitis,Arab1bus
716 2909 844 2993 ,cenitis
860 2928 899 2984 et
912 2908 1193 3004 latrocinalibus,
1214 2911 1409 3002 idumaeis,

240 3009 388 3100 oabitis,
422 3008 662 3101 Ammonitis,
700 3007 840 3105 aliisque
866 3006 1041 3085 similibus.
1088 3008 1261 3083 Praefesli
1289 3009 1411 3107 utique
1523 3050 1529 3061 ·

190 3106 480 3204 provinciarum,
503 3106 678 3203 satrapae,
692 3105 831 3194 duces,
856 3121 893 3175 et
911 3103 1093 3200 principes
1103 3106 1309 3195 Persarum,
1335 3123 1411 3178 tan·
1481 3139 1485 3147 ³

191 3222 270 3279 tum
296 3202 412 3293 abest,
455 3220 493 3275 ut
524 3200 591 3275 illis
623 3200 832 3290 nocuerint,
874 3218 915 3272 ut
938 3198 982 3273 iis
1015 3222 1121 3295 opem
1152 3198 1316 3287 tulerint,
1358 3195 1413 3271 uti
1517 3250 1526 3265 s

191 3323 225 3375 c.
249 3300 311 3373 IX:
339 3322 371 3395 3.
397 3294 567 3387 traditur,
590 3294 803 3393 majestatem
823 3294 1040 3369 tremendam
1059 3292 1291 3367 Mordacbaei
1308 3316 1409 3367 reve·

156 3476 161 3483 ,
190 3393 265 3471 titi.
315 3394 399 3566 3⁰⁰
417 3394 523 3469 etiam
542 3393 638 3468 sensu
655 3390 865 3490 capiendum
891 3388 1107 3477 censuerim,
1134 3388 1227 3486 quod
1244 3413 1275 3466 c.
1302 3390 1410 3467 VIII:

194 3516 211 3567 1
243 3518 331 3567 ‚nm
346 3512 416 3564 ne

190 3514 263 3661 ndu
292 3586 386 3686 quod
410 3516 620 3684 reiigionem
648 3608 771 3659 eorum
797 3581 1065 3679 adoptaverint,
1089 3580 1178 3655 sicut
1201 3585 1321 3681 paffim
1372 3611 1412 3659 u·

191 3702 309 3774 tatur,
334 3704 373 3756 et
399 3682 471 3780 Jos.
496 3681 618 3781 Antiq.
642 3683 664 3755 l.
690 3682 753 3754 XI.
779 3703 811 3754 c.
839 3687 872 3754 6.
897 3676 992 3751 circa
1016 3678 1126 3752 finem
1145 3677 1255 3754 etiam
1281 3700 1334 3755 tra
1357 3680 1408 3770 it,

192 3779 279 3855 licet
313 3780 401 3853 talea
426 3777 518 3853 forte
574 3798 689 3874 noque
716 3775 810 3847 inter
843 3796 906 3847 eoa
936 3772 1042 3871 aliqui
1075 3772 1228 3867 fuerint,
1267 3775 1325 3849 sed
1350 3778 1373 3871 J
1398 3816 1412 3831 ·

190 3877 289 3951 daeis
304 3894 441 3951 tantum
459 3874 633 3962 savemnt,
658 3870 796 3967 seseque
814 3868 879 3960 iis,
905 3868 964 3942 vel
980 3892 1088 3962 vere,
1114 3872 1171 3945 vel
1188 3874 1291 3961 liele,
1318 3871 1412 3967 quod

191 3972 374 4070 aconjug.
400 3971 469 4047 Hit
494 3971 529 4045 h.
556 3993 631 4045 non
651 3966 835 4059 abhorret,
862 3964 1103 4044 submiserint:
1127 3968 1186 4042 cui
1202 3970 1411 4063 interpreta-

194 4068 287 4145 tioni
310 4072 419 4143 robur
442 3996 561 4158 addit,
604 4065 697 4233 quod
722 4064 868 4138 verbum
897 4062 1002 4137 nimis
1025 4066 1188 4162 generale
1213 4062 1274 4152 stt,
1308 4087 1413 4159 quam

195 4183 239 4241 ut
264 4164 304 4237 ad
329 4162 543 4262 religionem
570 4186 606 4233 re
639 4158 732 4257 tingi
764 4160 890 4257 poffit,
930 4180 1111 4254 praeterea
1136 4183 1167 4232 c.
1193 4158 1259 4230 IX:
1285 4184 1317 4255 3.
1353 4184 1415 4234 eos

186 4258 350 4361 suslultffe
376 4280 416 4335 et
438 4256 605 4355 adjuvisse
630 4274 762 4331 tantum
793 4258 978 4348 dicantur,
1019 4255 1171 4349 denique
1194 4253 1417 4331 reverentiae

199 4376 240 4439 et
266 4358 374 4439 metui
400 4354 614 4455 Iudaeorum
637 4352 674 4430 id
697 4374 885 4451 acceptum
911 4352 1056 4431 feratur.
1406 4401 1414 4411 .

707 4451 798 4527 Rbb
825 4472 848 4545 3
1070 4440 1103 4543 I.
1128 4442 1422 4537 CCCLXXXIII,

436 2526 553 2603 udaeis
573 2526 664 2626 juste
689 2528 907 2625 susceptum3
932 2548 1000 2600 nec
1024 2543 1149 2601 contra
1171 2526 1279 2617 alios,
1306 2549 1410 2625 quam
1550 2548 1553 2553 ·

470 3490 582 3599 opulis
615 3508 726 3563 terrae
758 3487 920 3562 dicantur
943 3486 1132 3561 mbo
1160 3484 1411 3580 Judaizantes,
1551 3572 1557 3583 ι
