3575 5884
285 1154 365 1231 252
635 1133 780 1234 Historia
803 1136 1036 1235 Ecclefiastr'ro
1060 1140 1103 1213 V.
1131 1139 1171 1211 T.

293 1314 398 1392 fuisse
423 1316 462 1393 in
484 1315 692 1393 fertilisfimo
723 1334 761 1392 et
785 1313 1048 1409 amoenillimo,
1084 1315 1230 1393 testibus
1257 1315 1444 1403 Historicis
1461 1336 1496 1390 et

292 1413 580 1509 ltinemtoribus,
623 1411 758 1505 trattu,
789 1411 905 1490 ita'ut
928 1437 1010 1489 cum
1035 1417 1147 1490 Ederae
1174 1434 1214 1489 et
1237 1413 1329 1487 storto
1354 1416 1419 1489 Dei
1440 1437 1505 1510 po‘

292 1511 404 1584 tuerit
436 1509 641 1606 comparari.
689 1510 775 1585 Nee
801 1509 1022 1606 improbabile
1048 1508 1120 1602 est,
1161 1508 1315 1609 digitum
1345 1510 1388 1609 ad
1413 1511 1494 1584 Salo

293 1631 436 1680 monem
472 1624 510 1678 et
542 1604 824 1704 Hierosolymam
855 1605 1026 1697 intendi,
1076 1605 1174 1703 cujus
1206 1604 1494 1705 magnificentiam
1535 1607 1537 1614 ’

291 1703 448 1777 imitatus
478 1699 529 1774 est
549 1702 699 1791 Hiram,
724 1701 773 1776 ita
799 1720 838 1774 ut
864 1703 1029 1798 tanquam
1052 1704 1140 1776 alter
1159 1703 1322 1793 Salomo,
1349 1699 1494 1797 respersu

290 1796 504 1892 sapientiae,
522 1797 733 1896 splendoris,
749 1821 924 1896 pompae,
948 1796 1152 1874 deliciarum
1171 1817 1210 1874 et
1229 1821 1360 1896 opum,
1385 1795 1494 1895 depin·

315 1911 402 1968 atur.

284 1917 314 2036 g
337 1987 368 2087 d.
394 1990 575 2065 CCLVII.
613 2016 648 2084 γ»
680 1991 828 2064 Securus
861 2005 900 2063 et
927 1986 1144 2066 invincibilis
1176 1984 1283 2063 status
1307 1986 1405 2086 regie
1428 2009 1494 2086 gra·

287 2083 397 2183 phrce
421 2085 649 2174 describitur,
674 2085 728 2161 uti
742 2087 843 2183 supra
864 2109 900 2160 v.
928 2107 960 2160 a.
986 2085 1100 2160 fuerat
1119 2083 1342 2182 praemium,
1366 2085 1419 2157 Iris
1433 2108 1493 2159 on·

288 2185 343 2256 dir
367 2207 401 2257 v.
431 2206 486 2274 14.
538 2182 609 2271 Tu,
638 2183 760 2256 Cherub
789 2186 945 2255 rtollionis
969 2181 1123 2278 olsepinir
1148 2196 1205 2270 u,
1232 2181 1356 2255 eroldi
1380 2195 1436 2273 te,
1464 2182 1493 2251 ir

286 2297 395 2353 monto
409 2276 693 2372 sorditatis-Dei
705 2275 825 2374 fuisti,
858 2283 893 2349 in
915 2281 1014 2351 medio
1037 2280 1179 2375 lapidum
1203 2279 1286 2372 ignis
1309 2270 1493 2373 ambulasti,

288 2374 326 2447 h.
352 2399 384 2448 e.
412 2373 561 2468 benigna
585 2392 664 2444 mea
686 2370 914 2467 providentia
936 2371 1067 2446 fabium
1093 2371 1166 2463 est,
1189 2392 1229 2445 ut
1255 2371 1296 2446 in
1319 2372 1404 2446 loco
1428 2388 1495 2447 tuto

286 2467 427 2566 degeris
453 2491 495 2538 ae
516 2466 660 2553 securo,
691 2466 759 2540 acsr
785 2467 963 2575 Angelus,
1000 2468 1115 2542 custos
1144 2465 1263 2564 regiae
1287 2465 1491 2564 majestatis,

285 2582 346 2653 te,
370 2584 409 2636 ut
434 2563 518 2636 olim
542 2559 756 2657 paradisum,
783 2560 817 2634 se
843 2583 980 2636 amento
1004 2561 1234 2661 protexiffet,
1258 2581 1297 2637 et
1311 2561 1353 2638 in
1376 2582 1492 2638 monte
1535 2588 1536 2609 ¹

285 2656 405 2735 saneto
433 2682 475 2735 ac
509 2655 705 2732 inviolabili
727 2586 893 2766 ‘verlit'tua
923 2658 1028 2750 effes,
1069 2659 1112 2735 in
1134 2656 1260 2739 ¹medio
1293 2656 1494 2754 fulminum,

283 2756 420 2830 aditum
445 2757 488 2831 ad
515 2775 551 2828 te
576 2754 798 2833 reddennum
824 2752 1056 2844 inaccessum,
1090 2752 1301 2833 ambulasses.
1348 2750 1431 2846 Est,
1461 2768 1495 2829 ut

282 2848 959 3042 llll,rrmllslsnlllllb
975 2848 1496 3042 lilmnisseffldliul’tssi

280 3043 472 3116 collatrone
498 3067 533 3115 v.
563 3065 582 3116 2
607 3064 649 3114 ac
676 3065 721 3136 17
744 3060 782 3115 et
808 3049 886 3132 18„
912 3045 1149 3119 confirmatur.
1197 3002 1496 3117 Primum’emble·

282 3159 342 3213 ma
368 3135 564 3210 desumtum
591 3134 643 3210 est
668 3139 711 3212 ab
736 3137 898 3233 Angelo,
927 3139 1046 3233 regiae
1062 3133 1259 3234 Majestatis
1284 3136 1436 3219 terribili
1458 3156 1506 3233 ar„

280 3252 434 3333 potente
459 3230 623 3320 custode,
650 3228 772 3330 (quare
798 3233 920 3307 Cherub
946 3238 1122 3323 oloronis,
1147 3232 1206 3306 seu
1228 3231 1373 3328 angelus
1395 3232 1500 3330 maie·

281 3332 381 3413 statis
396 3326 538 3406 videtur
554 3325 780 3425 adpellatus,)
805 3351 884 3409 cum
904 3327 1078 3403 adlusrone
1100 3328 1143 3402 ad
1161 3328 1354 3425 paradisum
1370 3353 1392 3405 a
1409 3333 1500 3407 Che·

279 3431 395 3518 rubo,
420 3426 620 3502 flammante
646 3424 762 3522 gladio
785 3424 967 3519 praedito,
992 3423 1220 3515 custoditum,
1245 3448 1291 3519 ne
1316 3425 1499 3502 invadere·-

284 3546 344 3601 tur
377 3527 468 3598 Gen.
494 3525 560 3598 111.
594 3519 725 3618 quoin
758 3522 867 3592 tertio
900 3520 1109 3595 emblemate
1142 3524 1288 3617 lapideam,
1306 3525 1413 3617 ignis,
1454 3519 1498 3597 de

307 3643 355 3694 uo
372 3643 478 3704 mox,
503 3619 610 3693 etiam
628 3616 721 3690 forte
745 3613 941 3711 respicitur.
977 3619 1066 3690 Sunt
1081 3635 1198 3688 autem
1217 3617 1326 3690 verba
1349 3615 1498 3693 redden·

281 3646 348 3800 da,
389 3732 446 3801 to,
482 3716 598 3786 csrerrrb
622 3715 773 3787 urrtlionis
798 3709 953 3800 obsepiant
977 3728 1030 3801 te,
1072 3711 1129 3783 vel
1146 3711 1370 3808 sepimentum
1403 3729 1497 3790 tunm

272 3812 372 3918 snit,
397 3808 447 3880 ita
464 3826 503 3879 ut
521 3810 583 3882 is
607 3823 664 3896 tn,
690 3829 728 3882 et
752 3809 879 3913 'lJlDil
896 3821 1063 3905 protegere
1076 3807 1133 3880 vel
1149 3807 1366 3902 sepimentum
1378 3824 1495 3896 treuna,

278 3909 379 3986 idern
411 3903 473 3991 stt,
513 3927 555 3975 ae
580 3902 719 3977 Cherub
752 3905 821 3979 luit
852 3922 1043 4003 protegens
1074 3923 1131 3993 te,
1172 3904 1229 3977 vel
1263 3903 1498 4000 sepimentum

283 4020 403 4079 tuum:
427 4020 518 4070 voce
542 4002 603 4074 nrt
627 4017 662 4072 ro
688 4023 769 4075 cum
792 4001 945 4100 emphasi
960 3999 1197 4090 redundante,
1222 4001 1278 4075 vel
1327 4023 1388 4090 ro,
1413 4000 1498 4095 qaod

278 4107 328 4175 «d
357 4115 390 4171 te
420 4098 555 4169 adtinet.
611 4098 834 4171 Vocabulum
869 4121 957 4170 vero
997 4100 1123 4200 ῬῚΒΠ
1153 4118 1226 4168 non
1262 4119 1282 4169 e
1348 4095 1497 4169 verbum

154 4194 155 4199 ’
276 4213 391 4320 Ῥο,
426 4190 482 4267 sed
510 4215 555 4264 ex
579 4190 792 4289 pronomine
816 4193 934 4266 adfixo
958 4210 1038 4307 {pte
1063 4191 1297 4283 foemin.,·ut
1323 4206 1385 4301 {tn
1409 4214 1498 4287 quo·
1520 4222 1527 4230 ·

308 4370 372 4434 ue,
415 4341 494 4440 qnia
518 4365 580 4415 rex
609 4336 669 4412 hie
694 4341 849 4413 occurrit
881 4358 921 4412 nt
946 4341 1207 4441 protegendus,
1249 4361 1286 4414 et
1311 4363 1385 4415 non
1412 4362 1497 4437 pro·

283 4441 418 4550 tedlor,
459 4460 496 4548 et
523 4438 604 4549 rad..
625 4439 697 4543 'le
733 4436 789 4510 vel
828 4433 907 4528 ‘rso
936 4438 1079 4535 proprie
1077 4437 1212 4632 spinis
1243 4432 1399 4546 obsepstf,
1439 4434 1500 4506 vel

283 4556 419 4630 texult,
460 4537 643 4684 anplrcurtz
678 4530 770 4611 unde
793 4533 907 4639 ‘1020
941 4556 1015 4610 non
1040 4560 1085 4673 nn
1104 4556 1198 4638 cerr,
1238 4532 1298 4610 {ed
1322 4528 1507 4720 Ιἴρηκὲιίειιῖ
