3575 5884
1301 1240 1611 1321 Pbrioilus
1655 1238 1939 1349 Quinta.
2087 1210 2096 1219 ’
2145 1224 2152 1233 ’
2753 1260 2855 1341 47

428 1430 657 1501 mento
698 1418 841 1523 ipfi·
874 1420 1227 1499 vindicari-
1274 1424 1542 1525 nequit.
1638 1420 1870 1499 Prima
1917 1421 2163 1522 utique
2209 1399 2432 1499 verba
2449 1478 2472 1514 ‚
2521 1429 2848 1502 canticum

420 1524 793 1597 canticorum
834 1532 957 1611 nn
1174 1521 1379 1609 Ἶῴκ
1436 1544 1581 1595 non
1643 1538 1841 1593 verte
1852 1517 1989 1593 rim
2089 1525 2212 1596 uod
2253 1522 2614 1599 Salomonis
2639 1575 2661 1608 ‚
2739 1542 2847 1592 re-

414 1628 757 1715 pugnante
790 1617 999 1690 sueto·
1024 1616 1567 1714 inscriptionum
1581 1616 2003 1689 Psalmorum
2036 1546 2196 1691 izilo
2215 1672 2239 1707 ,
2291 1641 2429 1715 quo
2462 1609 2670 1692 ἾΦΝ·
2689 1613 2847 1686 nus·

413 1724 609 1811 quam
650 1731 1058 1809 comparet,
1104 1712 1420 1822 adeoque
1462 1726 1599 1811 pro
1648 1709 2112 1808 inscriptione
2153 1708 2276 1787 aui
2309 1711 2518 1785 titulo
2551 1734 2696 1784 non
2727 1709 2852 1783 ha-

404 1813 681 1901 beretn,
760 1807 1025 1907 quippe
1138 1808 1211 1882 ui
1288 1807 1427 1905 init
1485 1806 1899 1917 simpliciter
1960 1798 2264 1884 ΟῬΙΨΠ
2300 1797 2459 1883 “FU
2523 1811 2852 1883 canticum

403 1908 844 1994 (micarunt,
914 1914 991 1977 et
1032 1928 1073 1979 a
1174 1918 1267 1978 uc
1309 1902 1388 1978 in
1430 1902 1675 1978 Bibms
1723 1901 2054 1979 distinete
2115 1904 2468 1995 occurrit,
2548 1903 2665 1979 sed
2711 1923 2852 2001 pro

398 1999 615 2077 initio
660 1997 971 2090 antici,
1014 2000 1117 2076 ita
1160 2018 1241 2075 ut
1284 2017 1489 2073 autor
1534 1998 1667 2074 illis
1707 1997 1950 2074 verbis
1998 1998 2354 2075 canticum
2399 1998 2592 2074 suum
2639 2018 2848 2075 extus

396 2098 561 2175 lerit
578 2152 603 2187 ,
662 2110 741 2170 et
770 2094 1042 2193 scopum
1090 2094 1161 2170 e‘
1286 2088 1655 2169 tradiderit
1672 2150 1695 2186 ,
1774 2094 2138 2169 vertendis
2184 2096 2457 2191 itaque:
2525 2101 2852 2171 canticum

394 2198 799 2273 mutorum
846 2212 1081 2267 canam
1202 2189 1629 2267 unEtandurn
1674 2188 1870 2264 enim
1917 2188 2020 2264 est
2061 2194 2256 2301 ’.φη
2302 2212 2435 2287 pro
2480 2194 2700 2283 φῂς
2734 2214 2850 2265 ca·

396 2367 603 2434 m,
649 2341 809 2431 vel,
860 2340 913 2413 fi
944 2329 1135 2419 Ὗθκ
1218 2345 1340 2417 uod
1364 2340 1451 2417 fit
1478 2338 1971 2430 retinendum,
2018 2339 2411 2417 addendum
2441 2332 2656 2417 ’Ἠΰκ
2689 2366 2850 2415 can-

398 2444 604 2528 tabo,
678 2460 801 2533 per
858 2425 1055 2513 '⁸08
1096 2367 1499 2534 abi'orptum·
1598 2438 1960 2513 Salomoni:
2025 2438 2231 2533 plane
2279 2436 2386 2511 uti
2433 2437 2568 2535 Jes.
2622 2440 2720 2514 V:
2779 2460 2845 2511 1.

396 2536 681 2615 Μ
732 2554 973 2609 canam
1024 2532 1309 2630 prqfeao
1351 2536 1481 2607 dile
1538 2557 1572 2606 o
1630 2557 1768 2607 meo
1816 2536 2144 2608 canticum
2202 2538 2630 2625 amatorium;
2710 2555 2851 2606 nec

407 2652 559 2703 non
600 2626 701 2703 1³1:
750 2628 992 2703 XLV:
1046 2650 1109 2705 2.
1175 2651 1410 2703 canam
1453 2652 1563 2724 ego
1606 2650 1799 2739 opera
1844 2618 2010 2747 Ἴδῃ
2101 2633 2283 2723 regi,
2346 2627 2424 2701 in
2469 2630 2664 2705 usum
2713 2630 2862 2733 ita·-

406 2747 541 2822 que
586 2744 663 2799 et
712 2721 1259 2799 inin-afflonem.
1295 2723 1727 2815 Salomoms,
1776 2746 1911 2818 qua
1951 2723 2227 2814 mariti,
2278 2723 2463 2821 regis
2482 2780 2504 2815 ,
2567 2747 2642 2799 et
2687 2724 2856 2822 typi.-

404 2819 733 2897 Mesfiae„
822 2818 1137 2893 Videtur
1184 2818 1416 2909 enim,
1482 2838 1561 2893 ut
1609 2819 1685 2893 id
1733 2820 1966 2893 obiter
2015 2820 2426 2909 observem,
2492 2819 2860 2895 canticum

406 2939 497 2990 eo
530 2914 723 3012 scopo
774 2913 1287 3010 compofitum,
1332 2934 1411 2989 ut
1466 2939 1527 2990 1.
1577 2915 1987 3011 conjugium
2035 2920 2225 2989 unius
2257 2936 2420 2988 cum
2468 2939 2639 3006 una,
2693 2937 2850 2991 tan-

412 3034 625 3107 quam
664 3009 1066 3107 optimum,
1110 3031 1185 3085 et
1229 3010 1501 3108 primae
1548 3009 1977 3085 institutioni
2026 3011 2504 3106 conjunctius,
2554 3012 2850 3085 extolle·

408 3127 640 3198 retur,
686 3128 767 3180 et
815 3107 1457 3197 commendaretur,
1511 3109 1705 3204 cujus
1752 3133 1892 3204 quo
1941 3129 2029 3180 ue
2077 3108 2315 3181 umbra
2363 3107 2500 3181 fuit
2548 3108 2624 3182 in
2656 3110 2860 3182 Salo--

408 3228 623 3277 mone
667 3223 745 3278 et
796 3201 974 3275 Filia
1020 3201 1436 3292 Pharaonis,
1483 3203 1788 3301 primum
1836 3131 1972 3275 sola
2021 3226 2281 3294 uxore,
2329 3204 2494 3277 dein
2541 3227 2706 3301 prae
2727 3227 2860 3278 re·-

409 3301 615 3397 liquis
658 3297 1022 3373 aestimata
1087 3317 1161 3371 et
1205 3299 1476 3373 dilecta.
1574 3299 1793 3403 Quod
1847 3321 2028 3372 vero
2082 3301 2296 3408 vulgo
2342 3320 2663 3395 putatur,
2728 3303 2862 3373 Sa·-

409 3400 771 3470 lomonem
810 3396 957 3491 jam
1004 3413 1166 3466 ante
1214 3394 1520 3468 habuiffe
1568 3416 1861 3469 uxorem
1893 3395 2487 3485 Ammomticam,
2545 3413 2856 3468 matrem

412 3491 897 3579 Rehabeami,
981 3486 1143 3562 illud
1190 3488 1400 3563 unice
1463 3484 1725 3562 nititur·
1762 3492 1921 3563 loco
1974 3514 2004 3562 1
2046 3490 2230 3585 Reg.
2280 3490 2486 3562 XIV:
2542 3512 2624 3561 21
2652 3544 2673 3576 ‚
2724 3488 2850 3562 ubi

422 3587 836 3660 Rehabeam
882 3607 991 3675 40·
1026 3606 1249 3657 annos
1290 3604 1490 3659 natus
1538 3585 1835 3677 dicitnr,
1887 3608 2048 3657 cnm
2094 3582 2280 3657 Patri
2330 3582 2680 3674 succesfit,
2729 3608 2848 3659 na-

434 3694 547 3753 tus
588 3680 819 3778 imque
851 3700 1020 3753 mox
1053 3679 1129 3753 in
1208 3680 1519 3778 rincipio
1567 3680 1768 3780 regni
1805 3678 2233 3754 Salomonis:
2282 3676 2398 3753 sed
2441 3678 2654 3754 lectio
2684 3678 2872 3757 Ma-'

429 3776 777 3851 sorethica
823 3768 925 3848 est
969 3704 1224 3851 vitiol'a
1269 3776 1343 3849 in
1388 3800 1680 3853 numero
1726 3796 2105 3863 annorum,
2159 3796 2317 3850 cum
2365 3777 2502 3874 legi
2554 3777 2848 3869 debeat,

428 3886 577 3946 non
624 3868 923 3954 mm
965 3876 1443 3981 quadraginta,
1491 3874 1610 3949 sed
1656 3859 1925 3952 0³va
1966 3874 2241 3968 viginti,
2291 3872 2378 3947 de
2413 3896 2551 3970 quo
2582 3875 2880 3973 postea..

426 3966 602 4042 Filia
650 3970 1019 4041 Pharaonis
1064 3967 1320 4042 diserte
1369 3992 1408 4043 a
1454 3968 1579 4042 reli
1631 3968 1737 4041 uis
1785 3966 2275 4065 distinguitur,
2342 3993 2515 4065 quae
2564 3971 2690 4067 ipfi
2740 3970 2846 4041 di-

430 4076 683 4139 cuntur
743 4062 1154 4138 adsociatae.
1252 4064 1421 4137 Nec
1480 4086 1608 4159 pro
1658 4060 1838 4135 abile
1894 4062 2034 4155 est,
2113 4064 2592 4156 Salomonem,
2675 4065 2854 4141 vivo

434 4160 747 4249 Davide,
812 4159 1082 4253 duxiss‘e
1133 4158 1684 4232 Ammoniticam
1732 4157 2254 4234 idololatricam.
2358 4185 2421 4236 2.
2473 4161 2684 4235 Aret-a
2733 4167 2852 4237 Sa-

434 4256 725 4329 lomonis
770 4278 853 4328 ac
904 4248 1476 4360 Hierosolymae,
1524 4254 1611 4329 ab
1659 4252 1808 4354 ipso
1860 4277 2274 4346 exornatae,
2323 4276 2398 4331 et
2445 4258 2701 4332 summa
2748 4260 2852 4334 fe-

434 4348 737 4442 licitate,
782 4373 869 4425 ac
915 4349 1324 4423 celebritate
1373 4354 1795 4442 cumulatae,
1843 4353 2090 4427 relatio
2136 4353 2324 4427 vivis
2356 4353 2890 4453 depingeretur,

431 4447 815 4537 coloribus3
912 4470 1011 4519 uo
1050 4468 1314 4519 nomen
1347 4446 1708 4540 salamith,
1759 4450 1962 4522 uxori
2002 4450 2274 4537 datum,
2326 4448 2565 4543 ducit,
2617 4472 2691 4525 et
2723 4449 2854 4525 alia

430 4566 703 4638 quoque
749 4542 824 4637 in
927 4562 1019 4614 oc
1079 4540 1359 4617 cantico
1409 4547 1729 4619 tendunt.
1831 4546 2158 4643 Denique
2211 4567 2274 4639 3.
2328 4566 2485 4620 cum
2534 4548 2856 4640 salomo,

436 4652 751 4735 tanquam
795 4630 1008 4730 Rex,
1056 4634 1328 4718 illustris
1373 4626 1975 4807 fixeritFMeffiae,
2023 4662 2100 4718 et
2145 4638 2636 4742 Hierosolyma
2684 4662 2855 4737 quo·

994 4800 1012 4822 0
1693 4760 1741 4824 4
2730 4761 2865 4836 que
