3575 5884
629 1215 814 1294 .''Peri0ilas
838 1216 981 1322 Quinta.
1054 1205 1084 1231 '³
1276 1316 1279 1321 Ι
1391 1214 1437 1296 a't

233 1393 308 1472 vero
335 1390 436 1493 ipsius
451 1395 563 1470 aedis
590 1417 706 1493 partes
740 1395 924 1495 speciatim
950 1395 1165 1495 adpellantur
1201 1395 1247 1470 ν’.-
1268 1417 1301 1485 5.
1334 1397 1433 1472 ἾἮἹ

164 1558 168 1565 .
237 1515 271 1567 et
287 1466 379 1579 im.
420 1492 549 1565 Priore
580 1516 672 1566 voce
694 1494 845 1591 saucium
867 1493 1054 1587 janitorum
1086 1492 1301 1590 designatur,
1341 1514 1429 1587 quae

233 1597 273 1667 ab
291 1595 508 1686 iheronymo
528 1592 716 1662 locutorium
738 1589 911 1677 vertitur,
935 1584 1124 1684 talariam,
1150 1589 1230 1684 quia
1255 1590 1354 1659 Deua
1369 1574 1427 1658 ibi

233 1685 313 1785 quasr
325 1683 536 1758 audientiam
552 1685 654 1758 dabat
668 1683 856 1773 Pontifici,
880 1702 918 1755 et
934 1691 1068 1756 oracula
1085 1687 1260 1757 fundebat.
1311 1682 1428 1754 Poste-

230 1787 296 1858 rior
313 1761 421 1867 batn,
445 1805 465 1855 a
487 1779 571 1854 rad.¹
586 1758 652 1868 br)
674 1780 732 1853 vel
761 1774 828 1869 522
860 1799 994 1874 capere,
1018 1801 1155 1876 partem
1179 1780 1301 1853 domus
1324 1800 1427 1875 capa·

228 1881 398 1965 ciffimam,
423 1875 574 1949 familiae
597 1895 635 1948 et
657 1876 865 1950 domesticis.
880 1874 1106 1967 destinatam,
1131 1874 1273 1972 proprie
1296 1874 1431 1971 signat,

224 1998 267 2050 et
285 1972 339 2048 usu
366 1970 428 2044 suo
456 1995 525 2068 pro
546 1969 661 2068 santio
692 1970 856 2061 sumitur,
897 1968 982 2043 licet
1015 1972 1197 2068 aliquando
1230 1968 1329 2042 latius
1360 1993 1428 2067 pro

223 2092 298 2145 tour
317 2066 422 2155 aede,
447 2090 520 2139 non
537 2068 800 2156 'sabernaculu,
822 2067 881 2140 sed
899 2067 1071 2162 Templo,
1095 2068 1154 2141 seu
1177 2065 1262 2138 aede
1278 2065 1428 2162 augusti·

219 2190 285 2242 ore
306 2181 343 2236 et
366 2161 611 2257 splendidiore.
657 2162 742 2235 Nec
771 2162 847 2251 scio
869 2182 954 2232 num
979 2162 1256 2235 'sabernaculum
1290 2163 1429 2256 usquam

213 2266 270 2336 'eo
297 2258 398 2332 titulo
429 2257 539 2331 fuerit
568 2256 800 2355 insignitum,
845 2255 976 2350 utique.
998 2256 1034 2329 in
1066 2257 1203 2331 Psalmis
1234 2255 1427 2330 David-icis:

218 2352 386 2433 Occurrit
408 2352 550 2449 quidem
577 2355 705 2427 asam.
728 2354 794 2426 111:
821 2376 875 2460 3.,
899 2351 977 2441 sed,
1002 2353 1034 2426 sr-
1050 2333 1160 2444 Suu:
1185 2353 1254 2450 legi
1280 2374 1352 2424 non
1369 2351 1427 2441 de·
1538 2402 1540 2407 -

218 2458 323 2539 beat,
344 2447 592 2522 catachrestice
614 2467 653 2518 et
675 2469 740 2543 per
760 2447 1073 2545 anticipationem,
1104 2456 1147 2523 ab
1168 2468 1290 2522 autore
1314 2445 1430 2546 poste·-

217 2549 335 2633 riore‚
350 2542 464 2640 phrasi
482 2543 531 2617 sui
549 2542 718 2638 temporis
732 2542 803 2617 uso.
854 2566 885 2616 2.
914 2543 1008 2646 Quid
1025 2543 1268 2641 srntsenestrae
1279 2542 1429 2640 prospec-

217 2663 310 2719 tuum
333 2638 536 2736 clausorum,
572 2664 608 2713 v.
632 2661 667 2727 4.
692 2638 849 2713 nondum
871 2637 922 2711 est
953 2638 1050 2715 retle
1074 2639 1291 2735 explicitum.
1340 2636 1431 2727 Sed,

216 2759 258 2813 ut
279 2754 437 2810 mentera
467 2737 579 2808 verbo
600 2757 794 2829 exponam,
835 2757 908 2807 vox
930 2728 1062 2836 ΜΝ
1091 2741 1202 2807 trabes
1225 2737 1310 2809 conti
1333 2754 1432 2807 notor

211 2831 412 2931 significat,
451 2849 491 2903 ut
519 2832 591 2927 jam
613 2828 737 2902 docuit
767 2828 1030 2903 clamorum
1058 2830 1100 2902 ad
1133 2760 1430 2921 Prov.vi1:7.÷,

212 2950 259 3003 et
280 2927 340 2999 hic
363 2925 531 2999 fenestras
551 2924 747 2998 convenius
768 2923 1029 3018 prominentes,
1062 2925 1119 2998 seu
1137 2926 1246 2999 sorana
1271 2947 1434 2998 convexa

217 3046 303 3121 prae
325 3045 426 3094 muro
451 3023 736 3117 protuberantes,
769 3019 937 3092 denotare
961 3019 1119 3092 videtur:
1151 3020 1320 3095 fenestrae
1344 3042 1433 3091 vero

214 3116 394 3218 obstrudat
410 3116 553 3189 fuerunt
568 3138 631 3212 per
655 3116 802 3187 tabulata
818 3114 988 3204 lateralia,
1013 3139 1160 3210 quorum
1176 3140 1259 3189 mox
1276 3116 1317 3187 fit
1334 3140 1430 3189 men-

214 3214 302 3288 'aiot
325 3212 420 3285 inter
443 3235 531 3308 quae
555 3232 592 3283 et
615 3211 767 3376 parietes
794 3210 888 3283 aedis
920 3234 1000 3282 cum
1022 3211 1161 3307 aliquod
1184 3214 1291 3286 suerit
1323 3214 1430 3284 inter·

212 3308 374 3396 stiuam,
401 3305 575 3379 fenestrae
598 3305 621 3377 il
636 3328 674 3377 re
697 3328 770 3377 non
796 3304 858 3376 nisr
881 3307 1046 3400 obstruam
1071 3311 1187 3382 lumen
1209 3307 1343 3381 adferre
1368 3332 1432 3402 po·

216 3422 375 3478 ruerunt.
424 3402 531 3509 Qrod
552 3400 592 3473 in
614 3400 736 3474 aedem
761 3400 904 3496 Templi
928 3401 1023 3475 redte
1045 3405 1207 3498 quadrat,
1233 3426 1313 3474 cum
1337 3407 1436 3474 Deus

214 3500 258 3575 in
289 3501 430 3572 tenebris
462 3496 512 3569 rbi
544 3496 700 3568 habitare
731 3494 892 3586 dicatur,
933 3497 1021 3569 srcut
1051 3517 1087 3568 et
1119 3498 1157 3570 in
1189 3498 1433 3570 Tabernaculo

221 3595 334 3667 nullae
356 3592 502 3665 suerunt
524 3590 715 3680 fenestrae,
739 3591 856 3665 lumen
879 3594 1098 3689 praebentes.
1147 3615 1178 3685 3.
1203 3590 1351 3664 Addidit
1375 3594 1432 3664 Sa·

220 3691 320 3764 {omo
341 3687 484 3760 aedibus
506 3682 672 3776 tabulata,
709 3685 770 3758 seu
791 3686 920 3774 strata,
952 3686 996 3758 ad
1019 3687 1162 3759 modurn
1192 3689 1433 3778 conclavium,

223 3787 309 3867 Ν
336 3783 519 3880 adpellata,
559 3806 596 3856 v.
620 3803 657 3871 5,
682 3788 714 3855 6.
748 3801 821 3855 tum
846 3783 945 3876 supra
969 3781 1139 3875 parietes,
1179 3802 1254 3856 tum
1274 3788 1373 3882 juxta
1398 3805 1436 3855 rt

215 3880 376 3957 adlatus
403 3878 576 3975 parietum
607 3879 895 3972 quaquaversum,
935 3897 1083 3974 excepta
1122 3899 1220 3976 parte
1252 3879 1436 3969 orientali,

219 3976 305 4073 quia
331 3973 381 4045 ibi
401 3979 563 4083 porticus,
587 3974 643 4044 vel
659 3973 781 4071 aalma
805 3990 890 4045 erat.
915 3973 1147 4046 ‘Tabulatum
1171 4000 1258 4047 uero
1283 3975 1437 4070 superius

221 4071 311 4145 mihi
341 4068 498 4142 indicare
522 4066 688 4140 videntur
711 4071 838 4156 verba,
871 4092 905 4138 ν.
933 4091 966 4157 5.
1000 4087 1032 4141 et
1053 4073 1235 4166 aedffirarit
1259 4052 1310 4167 Sy
1331 4069 1435 4167 supra

219 4171 375 4263 parietem
400 4170 645 4257 circumquaque
660 4159 818 4257 stratum.
867 4163 966 4267 Quae
990 4165 1166 4262 superiora
1200 4170 1346 4239 tabulata
1371 4194 1434 4239 vo·

220 4282 353 4333 canna·
368 4242 475 4355 narbo
490 4258 657 4354 superiora
676 4261 841 4331 conclavia
868 4261 1034 4334 achron.
1060 4263 1124 4335 lll:
1150 4286 1183 4351 9.
1208 4281 1245 4334 et
1273 4263 1431 4337 rChron.

225 4357 365 4429 XVlll:
394 4379 449 4428 11.
498 4351 668 4433 lateralia
680 4377 777 4438 „vero
810 4356 990 4427 conclavia
1013 4380 1096 4429 mox
1120 4357 1355 4452 adjunguntur
1380 4361 1433 4428 his

208 4452 359 4523 averbis:
391 4455 538 4545 parietes
561 4450 670 4520 doruus
695 4454 834 4549 circum,
858 4449 1045 4548 spatiosae,
1072 4452 1205 4523 scilicet
1229 4457 1319 4548 ejus,
1345 4455 1434 4544 parri

226 4566 258 4619 et
283 4549 399 4638 adyto,
424 4542 560 4637 erfecit
583 4541 687 4636 costas
707 4550 847 4618 circum:
879 4545 914 4618 h.
942 4570 973 4620 e.
998 4546 1131 4618 circum
1155 4547 1304 4642 parietes
1328 4545 1434 4619 firnfti

232 4661 272 4712 et
299 4639 407 4717 saeui
422 4637 751 4734 santluumsecit
782 4641 935 4809 lapteralia
967 4644 1132 4734 tabulata,
1171 4643 1238 4721 suis
1269 4638 1375 4713 muris
1399 4661 1436 4713 et

849 4759 870 4833 3
1288 4735 1444 4818 trabibus
