3575 5884
273 1066 360 1175 stt
621 1036 767 1167 amm
789 1056 1024 1197 aremorica
1047 1057 1160 1143 ur.

331 1246 365 1349 ς.
391 1242 681 1323 ccctxxxnt.
710 1266 742 1320 2.
763 1245 898 1322 Bellum
915 1246 999 1323 illud
1016 1244 1158 1346 Judreis
1173 1241 1342 1345 prospere
1359 1236 1515 1332 eeffiffe,

289 1369 336 1423 ex
361 1342 465 1419 dietis
497 1342 598 1417 facile
617 1340 869 1437 praesumitur,
904 1367 986 1418 eum
1003 1343 1125 1433 multi,
1157 1341 1195 1417 iu
1223 1339 1350 1439 primis
1374 1355 1513 1437 mgna·

292 1462 377 1541 tos,
419 1440 498 1538 ipsis
530 1437 658 1533 ubique
695 1460 801 1533 opem
838 1440 1005 1531 aderint,
1045 1438 1247 1514 reverentia
1264 1433 1516 1511 'Mordachaei

295 1539 453 1614 omnium
484 1533 619 1609 animos
644 1535 898 1628 occupaverit,
939 1556 1048 1609 etex
1074 1534 1268 1633 posteriore
1297 1531 1419 1607 edieto
1444 1552 1514 1604 om

298 1624 913 1809 uttsttttrtmuau
939 1631 1314 1823 emutare
1347 1628 1427 1797 stt
1449 1646 1518 1794 ‘t

299 1824 415 1905 leutio
441 1822 621 1911 involuta,
656 1823 737 1917 quia
752 1785 853 1895 ‘sorte
880 1754 1065 1899 no'nqadeo
1087 1847 1212 1921 magna
1251 1825 1324 1911 uit,
1368 1779 1518 1893 hosiium

301 1921 427 2015 eredes
452 1936 669 1992 memoratur
694 1920 799 2016 longe
824 1922 984 1995 maxima.
1032 1920 1122 1993 Susis
1151 1919 1246 1992 euim
1272 1918 1311 1991 in
1337 1914 1413 2013 ipsa
1438 1919 1520 1989 urbe

302 2017 422 2116 regia,
455 2013 572 2114 primo
596 2018 761 2122 quingenti
784 2017 948 2114 leguntur.
970 2015 1082 2105 caesa,
1115 2014 1172 2089 sed
1188 2014 1409 2112 septuaginta
1433 2016 1519 2108 pair·

305 2136 365 2214 put
391 2115 498 2188 nussia
523 2111 560 2185 iu
585 2128 686 2208 regni
709 2111 905 2206 provinciis
929 2137 959 2187 c.
985 2115 1048 2186 IX:
1076 2119 1111 2201 6,
1140 2134 1197 2200 15,
1226 2118 1283 2184 16.
1307 2108 1374 2182 nisi
1398 2109 1437 2182 in
1456 2132 1519 2196 uu·

308 2232 428 2300 meroe
454 2207 596 2305 aliquod
622 2206 787 2281 mendum
814 2208 1013 2304 irrepserit,
1058 2209 1151 2304 quod
1177 2207 1281 2280 facile
1301 2207 1368 2296 fit,
1402 2224 1440 2279 et
1462 2203 1524 2277 hie

306 2307 424 2386 variet
450 2303 573 2379 tectio:
613 2300 727 2376 versio
759 2305 854 2377 enim
877 2306 939 2378 Gr.
975 2323 1110 2379 tantum
1142 2301 1323 2400 postremo
1345 2298 1449 2376 versu
1476 2305 1521 2373 16

308 2407 488 2504 quindecim
512 2400 620 2471 habet
653 2399 769 2473 millia.
820 2423 852 2493 3.
878 2399 1045 2496 Denique
1077 2401 1223 2489 beilum,
1266 2416 1306 2473 ut
1339 2418 1388 2470 ex
1414 2396 1524 2472 caesod

310 2525 389 2577 rum
410 2492 635 2571 multitudine
660 2512 758 2588 patet
766 2549 777 2585 ,
803 2495 873 2568 suit
896 2494 1038 2591 quidem
1063 2515 1267 2588 cruentum,
1300 2493 1359 2567 sed
1383 2506 1526 2593 aparte

312 2597 525 2771 Rudaeorum
541 2616 561 2665 a
579 2589 763 2687 rapiendi,
788 2611 825 2664 et
840 2591 876 2667 se
901 2591 1056 2681 ditahdi,
1080 2592 1250 2666 aviditate
1271 2589 1444 2664 aliem:
1468 2589 1522 2663 ad*

341 2695 410 2767 'tur
434 2689 529 2765 euim
545 2687 675 2783 ubique
694 2713 754 2761 eor
780 2711 800 2760 a
818 2687 935 2784 spoliis
950 2686 1167 2777 abstinuisse,
1192 2688 1277 2762 litet
1293 2706 1359 2784 per
1376 2685 1528 2761 edietum

312 2787 425 2864 suerit
448 2786 528 2881 ipsis
551 2783 761 2856 concesium.
808 2784 945 2858 Nescio
969 2782 1095 2875 etiam,
1127 2808 1211 2857 num
1233 2805 1308 2857 non
1335 2780 1443 2856 nimis
1457 2781 1526 2859 saer

314 2882 450 2958 vieriut
480 2879 624 2986 Judaei‚
665 2898 703 2950 et
728 2878 906 2953 viudiehe
935 2879 1120 2976 cupiditati
1180 2903 1294 2976 uoque
1327 2875 1525 2968 litaverint,

316 2973 492 3072 suspensio
527 2992 650 3070 utrque
680 2996 725 3047 10
750 2975 903 3049 filiorum
927 2977 1098 3050 Hamamis
1121 2905 1287 3049 Eiiherae
1309 2974 1452 3049 libidini
1475 2991 1528 3049 ar*

316 3091 423 3168 cepta
446 3090 519 3140 uon
545 3089 680 3142 tantum
707 3068 851 3144 ferenda
867 3068 938 3159 est,
962 3072 1022 3145 sed
1045 3092 1082 3143 et
1106 3089 1324 3147 trecentorum
1344 3071 1464 3146 adhue
1481 3070 1527 3146 ci*

316 3171 415 3250 vium
433 3163 538 3260 ipsius
565 3164 658 3237 urbis
683 3165 801 3260 regiae
826 3166 949 3238 caedes
971 3190 1002 3240 c.
1027 3167 1091 3240 IX:
1121 3193 1177 3262 13,
1206 3192 1261 3260 14.
1344 3223 1350 3235 ,

359 3265 396 3440 ἃ.
423 3259 714 3342 CCCLXXXIV.
749 3261 925 3335 Mirabilis
948 3262 1037 3336 haee
1061 3263 1301 3360 catastrophe,
1335 3259 1426 3337 ficut
1450 3277 1527 3337 mue

319 3366 357 3440 se
389 3385 466 3450 um,
492 3356 622 3431 summa
648 3356 783 3429 laetitia
806 3379 891 3451 pera
917 3359 1067 3449 endum,
1093 3362 1254 3457 peperit,
1280 3361 1330 3433 ita
1356 3356 1526 3446 estheris,

321 3456 668 3565 tanquamregiuae,
693 3472 731 3526 et
746 3381 999 3545 Mordaciaei,
1016 3456 1140 3564 vicarii
1157 3457 1269 3554 regis,
1290 3455 1405 3553 jussu,
1425 3480 1467 3530 ac
1481 3455 1529 3529 iu³

321 3558 471 3661 siitum,
488 3552 571 3626 rllud
588 3574 624 3625 m
635 3566 864 3648 perpetuum,
886 3574 950 3645 per
962 3575 1078 3661 omma
1096 3553 1529 3649 temporacelebrandurn,

321 3650 625 3839 {tristitia
649 3648 847 3834 iiiiii}d
866 3647 1025 3839 isitii
1054 3649 1530 3844 ieiiffississiodesffmii

324 3846 430 3924 soiam
453 3836 611 3947 Estireris
634 3855 671 3910 et
696 3839 930 3914 Mordachaei
952 3842 1175 3914 autoritatem
1201 3840 1421 3931 faciendum,
1448 3842 1532 3916 sum⁴

188 3961 191 3965 ’
323 3967 381 4020 ma
405 3957 500 4011 emm
531 3955 646 4039 rerum
681 3953 755 4008 erat
788 3936 838 4010 ibi
865 3961 973 4034 penes
1003 3937 1232 4030 Pontificem,
1274 3960 1347 4012 non
1375 3935 1532 4013 obstante

327 4030 561 4138 dependentia
586 4052 708 4102 eorum
728 4055 748 4104 a
765 4031 923 4128 Regibus
948 4034 1143 4125 Persarum,
1169 4059 1269 4132 quam
1296 4034 1433 4132 quods
1499 4048 1534 4108 te

326 4141 383 4216 sua
410 4132 447 4204 in
475 4123 575 4212 iliud,
608 4143 771 4219 tanquam
798 4128 896 4222 genti
921 4128 1131 4222 gloriosum,
1160 4152 1197 4204 et
1220 4130 1328 4219 utile,
1351 4153 1423 4204 con
1440 4130 1536 4205 ense·¹

326 4234 418 4314 rint:
444 4226 528 4297 licet
552 4219 624 4315 ejus
648 4220 698 4291 rei
726 4224 814 4296 nulla
832 4223 940 4294 fuerit
964 4226 1100 4298 mentio
1122 4227 1221 4302 faita.
1269 4227 1377 4302 Aliud
1393 4227 1535 4317 fuisset,

328 4334 353 4411 fi
369 4325 442 4426 ipse
460 4345 522 4394 rex
541 4340 604 4415 per
621 4315 796 4413 publicum
812 4317 906 4424 ‘illud
925 4318 1069 4413 jussisset
1094 4324 1268 4413 edidium3
1293 4324 1387 4422 quod
1403 4323 1537 4399 fufium

331 4452 404 4508 non
425 4415 574 4512 legitur,
601 4412 657 4487 sed
682 4410 838 4486 Estherrs
863 4436 905 4486 ae
929 4416 1163 4492 Mordachaei
1182 4439 1317 4494 tautum
1335 4421 1480 4496 nomine
1495 4416 1544 4505 iia,

327 4529 385 4614 lud
411 4510 548 4627 Judaeis
577 4510 647 4588 suit
667 4507 943 4611 praescriptum,
982 4535 1055 4589 uon
1082 4513 1176 4613 regis
1199 4519 1328 4596 annulo
1353 4514 1537 4689 signageum

1488 4634 1537 4687 te·
