3575 5884
756 626 763 641 Ι

752 646 794 679 .;.

745 680 773 713 '⁴-

710 1067 899 1193 'nrnne
923 1113 1068 1196 otae
1171 1116 1174 1121 ·
1442 1128 1514 1215 571

285 1305 326 1378 „et
342 1292 545 1396 Iohannes,
570 1293 705 1372 Leviae
726 1295 839 1392 filius,
866 1299 1097 1375 callidiffimus
1120 1297 1312 1389 nobilium,
1341 1314 1379 1372 et
1396 1296 1511 1375 omni·

288 1419 347 1469 um
366 1395 609 1492 nequiffimus,
634 1396 824 1468 secundum
844 1397 939 1490 Jos,
965 1399 1054 1470 latro
1083 1421 1221 1493 quoque
1252 1398 1290 1470 in
1319 1394 1425 1469 initio
1445 1395 1511 1469 sin-

286 1491 418 1589 gularis
443 1512 481 1564 et
508 1490 701 1580 solitarius,
735 1491 818 1563 dein
843 1496 1016 1565 latronum
1038 1493 1292 1568 adlbciutorum
1320 1493 1413 1580 dux,
1439 1489 1510 1587 Jos,

284 1590 324 1662 Β.
350 1589 384 1685 J.
410 1588 461 1663 II:
489 1611 545 1662 21.
571 1587 629 1661 ubi
649 1588 693 1660 de
713 1585 865 1677 insidiis,
891 1587 953 1661 sibi
973 1591 1013 1662 ab
1031 1612 1076 1662 eo
1093 1588 1249 1679 structis,
1275 1611 1312 1662 et
1332 1589 1407 1661 aliis
1424 1588 1509 1660 saci·

284 1684 451 1773 nuribus,
477 1687 574 1780 plura
591 1684 719 1772 habet,
749 1683 828 1780 qui,
854 1683 934 1779 post
955 1686 1127 1773 Giscalarn
1145 1687 1431 1782 qualitercunque
1447 1683 1509 1756 de·
1538 1695 1541 1700 '

282 1778 416 1854 sensam
449 1799 574 1855 contra
606 1782 807 1869 Romanos,
856 1804 941 1855 cum
975 1781 1221 1855 seditiosorum
1256 1785 1383 1880 glob0,
1427 1779 1511 1853 inde

284 1873 457 1974 profugus
489 1877 772 1975 Hierosolymam
808 1895 977 1968 venerat,
1021 1896 1059 1950 et
1084 1879 1248 1950 Eleazaro
1276 1879 1310 1951 se
1343 1878 1510 1973 adjunxe-

282 1990 359 2060 ταῖς
401 1973 511 2045 liuram
543 1996 630 2046 veto
655 1975 798 2046 Ananus
832 1973 1010 2048 Pontifex.
1064 1970 1209 2047 Zelotae
1246 1973 1282 2049 in
1319 1975 1512 2072 Templum

288 2068 463 2165 compulsi
478 2087 673 2143 evocarunt
684 2070 886 2159 Idumaeos,
906 2070 988 2165 qui,
1007 2069 1151 2143 horrida
1168 2068 1376 2167 tempestate
1394 2069 1511 2144 noblis

282 2167 409 2239 urbem
434 2164 593 2261 ingressi,
620 2166 739 2237 omnia
771 2163 878 2237 caede
903 2183 940 2237 et
966 2165 1088 2262 rapina
1112 2168 1360 2261 repleverunt,
1395 2164 1445 2239 ita
1461 2178 1511 2239 ut

279 2258 326 2336 ‘ad
353 2260 488 2358 aliquot
516 2260 621 2334 millia
640 2260 840 2357 jugularint.
874 2260 944 2357 Jos.
971 2262 1077 2336 tradit
1101 2263 1123 2336 l.
1149 2264 1217 2337 IV.
1243 2285 1274 2336 c.
1300 2282 1334 2352 5.
1361 2261 1510 2340 inventa

283 2355 387 2432 fuisse
414 2356 592 2433 caesorum
620 2355 703 2428 osto
731 2354 837 2429 millia
860 2377 906 2436 et
924 2381 997 2447 500
1023 2359 1062 2431 in
1085 2358 1204 2453 primo
1232 2358 1269 2431 in
1298 2377 1379 2446 etu,
1406 2355 1542 2429 dein-'

281 2452 347 2545 de,
382 2455 469 2527 urbe
495 2451 532 2530 in
547 2451 766 2622 potestatem
795 2450 952 2542 redasla,
977 2456 1176 2551 promiscue
1202 2454 1254 2528 sui
1281 2455 1303 2526 'e
1329 2479 1349 2526 a
1375 2450 1518 2530 Zelotis·

282 2566 322 2623 et
346 2548 523 2624 Idumaeis
562 2548 737 2639 aevitum,
763 2567 801 2620 et
824 2549 1013 2646 populum,
1043 2551 1156 2624 veluti
1180 2547 1379 2627 animalium
1404 2548 1508 2643 inpu-

282 2666 405 2722 rorum
430 2667 598 2743 gregem,
621 2644 838 2742 Jugulatum,
864 2645 939 2718 imo
968 2670 1012 2719 12
1031 2645 1138 2719 millia
1164 2645 1335 2720 nobilium
1353 2642 1507 2743 periisse.

281 2742 383 2816 lnter
411 2764 493 2830 eos,
537 2744 598 2842 qui
613 2741 710 2817 -caest
735 2741 834 2830 sunt,
875 2739 947 2816 suit
971 2740 1046 2837 ipse
1072 2739 1239 2815 Pontifex
1264 2742 1432 2831 Annuus,
1466 2737 1508 2816 in

235 2897 238 2900 >
280 2858 354 3033 quo
386 2835 543 2913 ⁴'cessavit
573 2837 834 2927 Pontificatus,
885 2855 925 2911 et
960 2837 1094 2933 inpleta
1126 2837 1287 2913 censetur
1316 2835 1523 2936 prophetia¹

305 2931 374 3009 oel.
398 2934 464 3008 111.
491 2931 535 3006 de
559 2935 658 3007 Luna
680 2939 715 3006 in
730 2932 928 3029 sanguinem
952 2933 1067 3030 versa,
1093 2934 1180 3007 ficut
1204 2934 1249 3008 de
1273 2936 1345 3010 Sole
1370 2938 1409 3009 in
1432 2950 1507 3007 me·

281 3027 376 3122 ridie
407 3028 594 3103 occidente
626 3029 664 3102 in
700 3028 861 3139 Agrippa
892 3030 1046 3127 Majore.
1110 3028 1256 3104 Occisus
1292 3055 1432 3130 quoque
1466 3027 1507 3115 ira

280 3124 362 3224 ipso
388 3124 544 3222 Templo
571 3122 622 3199 est
649 3124 854 3214 Zacharias,
888 3125 1038 3199 Baruchi
1065 3125 1179 3217 filius,
1220 3151 1290 3223 quo
1319 3127 1505 3218 nonnulli,

280 3224 370 3304 litet
385 3222 496 3312 male,
520 3220 653 3295 dietum
673 3219 802 3296 Christi
829 3221 939 3295 Matt.
958 3222 1093 3298 XXIII.
1119 3221 1290 3299 referunt.
1339 3228 1507 3309 Ceterum

281 3316 431 3398 initium
463 3316 595 3391 excidii
631 3317 724 3392 urbis
757 3342 777 3392 a
807 3336 924 3390 morte
947 3317 1065 3393 Anani
1100 3319 1233 3413 repetit
1266 3318 1336 3414 Jos.
1370 3321 1392 3392 l.
1417 3318 1505 3409 cit,

306 3415 389 3505 uia',
428 3411 454 3488 si
477 3412 550 3511 ipse
578 3411 742 3502 vixilset,
774 3431 812 3486 et
836 3412 1166 3511 superior‘fuilset,
1201 3437 1256 3487 res
1286 3413 1328 3486 ad
1356 3435 1505 3510 compo·

280 3441 448 3589 helenam
465 3533 545 3585 cum
562 3508 733 3583 Romanis
750 3507 912 3587 ve'nilIet.
947 3533 995 3602 ¹n.
1023 3511 1050 3580 F
1051 3507 1169 3582 aetion
1187 3533 1228 3582 ea
1247 3509 1385 3583 ratione
1402 3532 1506 3608 prae·

279 3611 462 3698 valentes,
488 3630 573 3680 mox
601 3607 639 3679 in
666 3623 738 3679 tres
764 3604 851 3679 scilsr
880 3604 957 3678 sunt
982 3603 1177 3696 fasliones,
1202 3629 1282 3702 pars
1307 3605 1505 3685 enimcum

260 3705 493 3787 'adhaerebat
518 3703 706 3793 Eleazam,
748 3725 826 3799 pars
849 3700 1004 3796 Johanni
1029 3701 1183 3792 Leviac,
1225 3705 1374 3800 populus
1397 3705 1508 3779 advo·

280 3799 403 3891 cavit,
434 3818 472 3874 et
498 3798 535 3873 in
560 3802 682 3872 urbem
705 3795 861 3888 admisit,
890 3795 1093 3887 Simonem,
1128 3797 1260 3872 Giorae
1284 3799 1417 3893 filium,
1443 3801 1505 3899 qui

328 3919 416 3972 nere
449 3896 672 3985 Gerasenos,
722 3895 884 3992 Johanne
915 3893 1049 3969 Leviae
1091 3894 1233 3988 quidem
1273 3897 1396 3972 astutia
1430 3917 1507 3972 erat

280 3922 455 4084 Ihserior,
497 3991 557 4066 sed
581 3991 741 4088 corporis
774 3988 910 4065 viribus
933 4010 971 4063 et
994 3990 1136 4064 audacia
1169 3989 1349 4090 superior,
1390 3995 1508 4087 pulsus

269 4097 474 4195 propterea
503 4113 548 4163 ex
572 4088 784 4162 Acrabatina
812 4085 997 4184 toparchia
1026 4088 1068 4160 ab
1094 4087 1223 4163 Anano
1248 4086 1442 4183 Pontifice,
1468 4092 1506 4165 se

281 4189 324 4264 nd
341 4189 497 4263 latrones
512 4186 691 4260 Masadam
717 4183 876 4280 recepit,
900 4203 939 4257 et
955 4206 1021 4283 per
1035 4184 1219 4280 Judaeam,
1243 4180 1379 4256 arcibus
1396 4187 1508 4262 etiam

282 4282 462 4360 nonnullis
486 4280 691 4378 occupatis,
726 4283 935 4379 vagabatur,
969 4280 1167 4356 Idumaeam
1191 4301 1328 4374 quoque
1352 4279 1508 4358 vastabat

281 4381 403 4472 varie,
428 4382 622 4476 multosque
639 4374 843 4465 Idumaeos,
869 4397 910 4451 ut
925 4376 960 4452 se
983 4377 1186 4476 reciperent
1202 4372 1379 4450 Hierosol.
1406 4401 1504 4452 corn·

284 4477 397 4574 pnlit,
439 4500 526 4573 quos
550 4479 561 4551 i
590 4477 624 4550 se
649 4475 787 4549 secutus
811 4473 883 4565 est,
925 4477 1115 4584 urbemque
1138 4468 1230 4579 quasi
1264 4470 1508 4548 obsessam-te-

283 4572 386 4670 nuit,
428 4572 489 4656 cui
519 4503 705 4655 [εἰῇ-τοοκ
732 4570 914 4749 Ιάυηιέεῑ,
948 4571 1090 4651 -Zelotn
1111 4565 1237 4662 minti,
1260 4567 1515 4758 adjunxeqqnt,

303 4718 307 4724 ⁴
866 4686 994 4753 teca
1430 4689 1513 4761 ,ear

1571 4810 1630 5010 l
