3575 5884
542 1120 577 1179 ·’
659 1135 815 1219 Pericles
840 1134 986 1217 Ollaria:
1044 1110 1068 1127 Ἴ
1105 1229 1110 1235 ,
1367 1134 1440 1234 54¹5

209 1343 337 1399 natam
362 1333 401 1391 et
422 1315 590 1395 Paneada.
638 1323 820 1399 Archelaus
848 1346 959 1415 vero,
985 1319 1095 1402 Matt.
1121 1318 1170 1396 II.
1195 1341 1334 1419 quoqne
1356 1342 1433 1395 me·

207 1440 387 1505 moratus,
431 1435 471 1489 ut
497 1416 571 1512 ejus
598 1418 700 1513 regni
735 1419 809 1492 fata
830 1419 986 1516 primum
1019 1441 1216 1517 exponam,
1258 1440 1337 1492 cum
1359 1414 1432 1489 sese
1504 1432 1510 1445 ·

206 1539 292 1589 mox
321 1509 401 1611 post
432 1531 586 1585 mortem
614 1515 725 1609 patris
757 1537 879 1611 regem
912 1512 1124 1613 praestaret,
1165 1515 1311 1589 nomine
1343 1513 1431 1586 licet

203 1612 309 1710 regio
337 1606 530 1697 abstinens,
556 1630 741 1708 antequam
764 1609 1031 1687 Testamentum
1047 1609 1158 1684 Patris
1183 1611 1269 1686 esset
1295 1610 1337 1684 ab
1355 1611 1429 1683 Au·
1469 1668 1473 1681 .

205 1709 331 1806 gusto,
359 1722 396 1775 ut
413 1703 586 1795 debebat,
613 1707 880 1798 confirmatum,
909 1707 1001 1803 apud
1026 1731 1107 1782 eum
1134 1710 1311 1782 accusatus
1336 1703 1431 1803 rapti

206 1802 331 1901 regni,
364 1819 512 1895 urgente
540 1826 679 1900 quoque
706 1802 840 1899 Antipa
867 1827 948 1876 cum
971 1800 1097 1892 sociis,
1132 1805 1191 1898 qui
1221 1803 1428 1878 Testamen-

203 1922 283 1975 tum
307 1894 418 1971 Patris
445 1895 638 1993 infringere
658 1920 803 1973 conatus
830 1899 902 1990 est,
928 1897 1124 1998 inpetravit
1149 1900 1292 1995 quidem
1310 1900 1428 1975 Nico·

202 1997 249 2070 lai
275 1991 488 2068 Damasceni
523 1993 746 2085 defensione,
787 2015 825 2069 et
852 1996 978 2072 humili
1005 1985 1063 2070 sua
1096 1995 1338 2092 subjectione,
1371 2020 1429 2074 eas

203 2091 391 2188 regiones,
419 2086 476 2160 sed
501 2092 766 2163 mutato·titulo
788 2091 901 2189 Regis
928 2091 967 2165 in
991 2092 1238 2180 Ethnarchae3
1271 2095 1361 2167 adeo
1386 2108 1427 2167 ut

200 2208 371 2283 tanquam
388 2184 588 2258 Ethnareha
613 2185 767 2259 ditiones
792 2186 865 2260 suas
891 2186 1186 2264 administraverit
1210 2214 1276 2287 per
1305 2213 1349 2261 10
1366 2211 1427 2262 an·

202 2309 293 2372 nos,
320 2280 392 2378 Jos.
420 2281 506 2354 Ant.
532 2282 674 2370 XVIl.,
701 2283 757 2355 vel
782 2306 806 2373 9
831 2282 1020 2358 secundum
1036 2286 1186 2359 eundem
1208 2286 1253 2358 de
1278 2287 1315 2357 B.
1342 2285 1425 2380 Jud.

202 2385 227 2457 l.
255 2381 300 2454 ΙΙ.
326 2377 483 2464 scilicet,
525 2375 620 2449 sorte
646 2402 666 2450 a
690 2398 852 2474 tempore
879 2381 1079 2455 confirmati
1107 2379 1326 2468 testamenti,
1367 2380 1427 2452 ves
1519 2438 1521 2440 .

200 2501 314 2553 notem
339 2496 450 2546 annos
474 2474 691 2569 completos:
738 2477 877 2571 quando
907 2478 1018 2551 malae
1051 2474 1322 2573 gubernationis
1345 2498 1426 2550 reus

199 2600 224 2649 a
249 2570 388 2669 Judaeis
412 2566 521 2641 fadus
547 2593 665 2643 coram
683 2569 865 2665 Augusto,
892 2570 1092 2668 depositus,
1122 2595 1159 2646 et
1181 2572 1361 2646 Viennam
1386 2569 1427 2647 in

200 2667 351 2744 exilium
375 2665 549 2759 relegatus
574 2664 646 2755 est3
673 2666 771 2762 cujus
793 2665 846 2740 rei
873 2667 982 2741 etiam
1005 2667 1170 2740 meminit
1198 2670 1309 2740 Dion.
1332 2658 1423 2743 Cass.

199 2767 225 2842 1.
252 2764 335 2838 LV.
360 2783 440 2836 ann.
467 2769 522 2834 oto
547 2759 640 2837 Aur.
667 2762 785 2856 Vulg.·
828 2760 910 2836 Fuit
934 2761 1190 2837 Ethnarchatus
1222 2762 1295 2875 ejus
1322 2761 1426 2838 valde

199 2859 445 2946 turbulentus,
468 2880 533 2953 per
558 2856 770 2952 multiplices
796 2856 1010 2951 seditiones,
1045 2877 1083 2933 et
1108 2879 1326 2959 tyrannrcam
1349 2853 1427 2957 ejus

255 2954 507 3028 bemationem.
557 2952 684 3026 Statim
707 2976 749 3027 ac
764 2954 902 3028 Patrem
927 2953 1149 3045 honorifica,
1175 2956 1261 3053 quin
1286 2955 1426 3053 magniss

235 3074 297 3140 ca,
321 3048 502 3123 adfecisset
522 3049 717 3144 sepultura,
742 3048 844 3122 multi
862 3050 988 3124 eodem
1004 3049 1086 3140 die,
1112 3053 1321 3127 tumultuose
1344 3051 1428 3128 vin·

199 3149 332 3224 didiam
354 3142 571 3244 postulantes
595 3144 710 3219 caedis
736 3144 893 3237 illorum,
921 3147 980 3245 qui
1004 3147 1153 3246 aquilam
1179 3171 1341 3240 auream,
1366 3140 1424 3224 viss

201 3270 252 3322 vo
275 3242 444 3332 Herode,
485 3239 714 3332 abstulerant,
747 3265 815 3317 nec
840 3239 1010 3339 postulata
1035 3245 1241 3336 consecuti,
1276 3267 1427 3341 magnos

201 3339 431 3418 concitarunt
457 3357 593 3429 motus,
626 3362 672 3412 eo
695 3339 805 3436 magis
830 3341 1058 3430 metuendos,
1093 3342 1186 3439 quod
1210 3340 1337 3414 festum
1362 3363 1427 3435 pa·

201 3432 332 3517 schatis
364 3431 529 3508 instaret:
569 3435 695 3532 quibus
729 3457 801 3508 non
826 3434 898 3509 stne
931 3437 1039 3510 multa
1066 3436 1174 3511 caede
1205 3436 1424 3530 aliquatenus

202 3533 348 3622 sedatis,
381 3531 572 3605 Archelaus
597 3532 749 3606 Romam
773 3529 816 3602 ad
841 3530 1060 3629 Augustum,
1094 3549 1134 3605 ut
1160 3532 1262 3628 regni
1290 3531 1425 3609 confir·

202 3630 400 3710 mationem
423 3626 640 3724 acquireret,
664 3627 699 3700 se
717 3624 889 3716 contulit,
915 3628 996 3719 sed,
1021 3626 1107 3702 dum
1123 3627 1173 3701 ibi
1199 3623 1306 3721 esset,
1331 3628 1424 3707 novi

201 3724 326 3804 exorti
344 3723 423 3799 sunt
441 3724 609 3797 tumultus
623 3722 913 3892 Hierosolpmae,
937 3725 1088 3813 aVaro,
1108 3721 1267 3800 Praesrde
1276 3727 1427 3825 Syriae,

201 3822 350 3924 quidem
374 3819 477 3894 brevi
506 3818 713 3917 compositi,
745 3818 779 3891 se
831 3842 896 3915 per
923 3819 1110 3911 Sabinum,
1150 3822 1423 3899 Procuratorem

202 3919 351 4020 Syriae,
376 3915 528 4004 ibicum
553 3915 695 4015 legione
711 3916 893 4006 Romana,
919 3915 960 3989 ad
981 3917 1104 3990 urbem
1126 3914 1164 3993 in
1189 3921 1314 3996 ordine
1333 3943 1421 3993 con·

200 4014 407 4103 tinendam‚
434 4011 616 4103 relictum,
647 4010 895 4088 vehementius
918 4010 1111 4088 resuscitati
1136 4013 1238 4109 sunt,
1271 4015 1353 4087 dum
1378 4013 1419 4090 in

201 4109 364 4192 Herodis
386 4110 564 4183 thesauros
585 4131 704 4182 manus
721 4106 869 4205 injicere
899 4128 1106 4201 conaretur,
1133 4130 1170 4185 et
1193 4134 1254 4183 eos
1273 4108 1419 4207 Templi
1490 4111 1493 4117 ’

200 4209 390 4310 spoliaret:
418 4206 508 4281 unde
532 4207 660 4279 bellom
679 4203 816 4300 aliquod
835 4203 1040 4280 intestinum
1064 4206 1134 4282 suit
1152 4204 1421 4304 Hierosolymae

200 4325 344 4391 ortum,
378 4326 445 4378 nec
475 4302 574 4376 caedi
599 4298 796 4397 parcitum,
828 4300 944 4375 donec
969 4304 1103 4392 Varus,
1134 4297 1420 4392 Hierosolymam

202 4400 375 4488 veniens,
400 4399 509 4472 finem
535 4396 750 4495 inposuerit,
775 4396 913 4473 civibus
943 4399 1163 4482 condonans,
1196 4413 1233 4467 et
1260 4397 1417 4495 peregri·

205 4522 294 4586 nos,
317 4495 376 4592 qui
394 4493 484 4570 festo
504 4491 729 4570 Pentecostes
754 4518 799 4568 eo
814 4515 1007 4586 venerant,
1033 4509 1071 4565 et
1090 4492 1257 4566 tumultus
1282 4513 1422 4590 autores

205 4593 517 4764 fueTtunt,I{everc
530 4591 692 4691 puniens.
728 4590 962 4763 Eristiterunt
984 4584 1126 4666 eseliae
1150 4589 1272 4670 turbae
1289 4588 1426 4703 multae¹

283 4713 345 4772 om,
412 4745 423 4767 ,
581 4750 585 4755 .
810 4705 859 4760 zz
1387 4712 1428 4784 u]
