<?xml version="1.0" encoding="UTF-8"?>
<!DOCTYPE html PUBLIC "-//W3C//DTD XHTML 1.0 Transitional//EN"
    "http://www.w3.org/TR/xhtml1/DTD/xhtml1-transitional.dtd">
<html xmlns="http://www.w3.org/1999/xhtml" xml:lang="en" lang="en">
 <head>
  <title>
</title>
<meta http-equiv="Content-Type" content="text/html;charset=utf-8" />
  <meta name='ocr-system' content='tesseract 3.04.00' />
  <meta name='ocr-capabilities' content='ocr_page ocr_carea ocr_par ocr_line ocrx_word'/>
</head>
<body>
  <div class='ocr_page' id='page_1' title='image "./hermannivenemai04venegoog/hermannivenemai04venegoog_0559.png"; bbox 0 0 3575 5884; ppageno 0'>
   <div class='ocr_carea' id='block_1_1' title="bbox 285 1065 1173 1174">
    <p class='ocr_par' dir='ltr' id='par_1_1' title="bbox 285 1065 1173 1174">
     <span class='ocr_line' id='line_1_1' title="bbox 285 1065 1173 1174; baseline -0.03 -2"><span class='ocrx_word' id='word_1_1' title='bbox 285 1101 359 1174; x_wconf 77' lang='lat'>554</span> <span class='ocrx_word' id='word_1_2' title='bbox 637 1066 783 1171; x_wconf 71' lang='lat' dir='ltr'>ffistorr‘a</span> <span class='ocrx_word' id='word_1_3' title='bbox 804 1065 1106 1168; x_wconf 69' lang='lat' dir='ltr'>Eccleſsastt&#39;ctV.</span> <span class='ocrx_word' id='word_1_4' title='bbox 1133 1066 1173 1146; x_wconf 83' lang='lat' dir='ltr'>T.</span> 
     </span>
    </p>
   </div>
   <div class='ocr_carea' id='block_1_2' title="bbox 280 1239 1509 4687">
    <p class='ocr_par' dir='ltr' id='par_1_2' title="bbox 280 1239 1509 4687">
     <span class='ocr_line' id='line_1_2' title="bbox 288 1239 1504 1339; baseline -0.006 -10"><span class='ocrx_word' id='word_1_5' title='bbox 288 1254 387 1331; x_wconf 83' lang='lat' dir='ltr'>rodis</span> <span class='ocrx_word' id='word_1_6' title='bbox 411 1254 468 1327; x_wconf 91' lang='lat' dir='ltr'>M.</span> <span class='ocrx_word' id='word_1_7' title='bbox 493 1275 540 1328; x_wconf 81' lang='lat' dir='ltr'>err</span> <span class='ocrx_word' id='word_1_8' title='bbox 564 1250 783 1339; x_wconf 85' lang='lat' dir='ltr'>Mariamne,</span> <span class='ocrx_word' id='word_1_9' title='bbox 826 1273 1002 1324; x_wconf 90' lang='lat' dir='ltr'>unacum</span> <span class='ocrx_word' id='word_1_10' title='bbox 1030 1248 1236 1324; x_wconf 81' lang='lat' dir='ltr'>Alexandro</span> <span class='ocrx_word' id='word_1_11' title='bbox 1267 1247 1375 1323; x_wconf 81' lang='lat' dir='ltr'>fratre</span> <span class='ocrx_word' id='word_1_12' title='bbox 1403 1239 1504 1324; x_wconf 83' lang='lat' dir='ltr'>occisi</span> 
     </span>
     <span class='ocr_line' id='line_1_3' title="bbox 289 1345 1501 1443; baseline -0.008 -16"><span class='ocrx_word' id='word_1_13' title='bbox 289 1355 333 1427; x_wconf 86' lang='lat' dir='ltr'>ab</span> <span class='ocrx_word' id='word_1_14' title='bbox 360 1348 528 1441; x_wconf 77' lang='lat' dir='ltr'>Herode,</span> <span class='ocrx_word' id='word_1_15' title='bbox 554 1347 603 1422; x_wconf 92' lang='lat' dir='ltr'>uti</span> <span class='ocrx_word' id='word_1_16' title='bbox 631 1347 729 1443; x_wconf 87' lang='lat' dir='ltr'>supra</span> <span class='ocrx_word' id='word_1_17' title='bbox 752 1365 929 1419; x_wconf 86' lang='lat' dir='ltr'>narratum</span> <span class='ocrx_word' id='word_1_18' title='bbox 945 1346 998 1420; x_wconf 90' lang='lat' dir='ltr'>est</span> <span class='ocrx_word' id='word_1_19' title='bbox 1022 1345 1060 1418; x_wconf 89' lang='lat' dir='ltr'>in</span> <span class='ocrx_word' id='word_1_20' title='bbox 1085 1345 1163 1419; x_wconf 90' lang='lat' dir='ltr'>vita</span> <span class='ocrx_word' id='word_1_21' title='bbox 1194 1345 1371 1435; x_wconf 86' lang='lat' dir='ltr'>Herodis,</span> <span class='ocrx_word' id='word_1_22' title='bbox 1403 1345 1501 1418; x_wconf 91' lang='lat' dir='ltr'>adeo·</span> 
     </span>
     <span class='ocr_line' id='line_1_4' title="bbox 292 1439 1503 1546; baseline -0.004 -26"><span class='ocrx_word' id='word_1_23' title='bbox 292 1472 360 1546; x_wconf 86' lang='lat' dir='ltr'>qne</span> <span class='ocrx_word' id='word_1_24' title='bbox 386 1471 406 1520; x_wconf 86' lang='lat' dir='ltr'>e</span> <span class='ocrx_word' id='word_1_25' title='bbox 430 1440 536 1518; x_wconf 88' lang='lat' dir='ltr'>stire</span> <span class='ocrx_word' id='word_1_26' title='bbox 574 1442 883 1516; x_wconf 82' lang='lat' dir='ltr'>Allamonaeorum</span> <span class='ocrx_word' id='word_1_27' title='bbox 911 1466 976 1538; x_wconf 88' lang='lat' dir='ltr'>per</span> <span class='ocrx_word' id='word_1_28' title='bbox 1008 1462 1178 1531; x_wconf 84' lang='lat' dir='ltr'>matrem,</span> <span class='ocrx_word' id='word_1_29' title='bbox 1248 1439 1302 1515; x_wconf 86' lang='lat' dir='ltr'>0st</span> <span class='ocrx_word' id='word_1_30' title='bbox 1324 1440 1439 1515; x_wconf 85' lang='lat' dir='ltr'>varios</span> <span class='ocrx_word' id='word_1_31' title='bbox 1468 1440 1503 1515; x_wconf 85' lang='lat' dir='ltr'>si·</span> 
     </span>
     <span class='ocr_line' id='line_1_5' title="bbox 290 1537 1503 1634; baseline -0.004 -18"><span class='ocrx_word' id='word_1_32' title='bbox 290 1541 419 1624; x_wconf 86' lang='lat' dir='ltr'>nistros</span> <span class='ocrx_word' id='word_1_33' title='bbox 436 1564 475 1613; x_wconf 90' lang='lat' dir='ltr'>ca</span> <span class='ocrx_word' id='word_1_34' title='bbox 493 1564 530 1611; x_wconf 89' lang='lat' dir='ltr'>us</span> <span class='ocrx_word' id='word_1_35' title='bbox 538 1586 551 1628; x_wconf 88' lang='lat'>,·</span> <span class='ocrx_word' id='word_1_36' title='bbox 566 1559 603 1610; x_wconf 91' lang='lat' dir='ltr'>et</span> <span class='ocrx_word' id='word_1_37' title='bbox 622 1539 856 1628; x_wconf 69' lang='lat' dir='ltr'><strong>calamitates,</strong></span> <span class='ocrx_word' id='word_1_38' title='bbox 874 1540 1044 1612; x_wconf 84' lang='lat' dir='ltr'>summum</span> <span class='ocrx_word' id='word_1_39' title='bbox 1064 1537 1249 1634; x_wconf 79' lang='lat' dir='ltr'>dignitatis</span> <span class='ocrx_word' id='word_1_40' title='bbox 1264 1537 1410 1634; x_wconf 84' lang='lat' dir='ltr'>gradum</span> <span class='ocrx_word' id='word_1_41' title='bbox 1427 1561 1503 1612; x_wconf 90' lang='lat' dir='ltr'>con·</span> 
     </span>
     <span class='ocr_line' id='line_1_6' title="bbox 289 1634 1505 1729; baseline -0.007 -15"><span class='ocrx_word' id='word_1_42' title='bbox 289 1637 425 1716; x_wconf 80' lang='lat' dir='ltr'>stendit</span> <span class='ocrx_word' id='word_1_43' title='bbox 453 1634 574 1706; x_wconf 88' lang='lat' dir='ltr'>favore</span> <span class='ocrx_word' id='word_1_44' title='bbox 593 1635 668 1729; x_wconf 89' lang='lat' dir='ltr'>Caji</span> <span class='ocrx_word' id='word_1_45' title='bbox 697 1655 734 1707; x_wconf 88' lang='lat' dir='ltr'>et</span> <span class='ocrx_word' id='word_1_46' title='bbox 754 1635 910 1723; x_wconf 84' lang='lat' dir='ltr'>Claudii,</span> <span class='ocrx_word' id='word_1_47' title='bbox 936 1638 1116 1708; x_wconf 84' lang='lat' dir='ltr'>Caesarum</span> <span class='ocrx_word' id='word_1_48' title='bbox 1135 1634 1390 1706; x_wconf 89' lang='lat' dir='ltr'>Romanorum.</span> <span class='ocrx_word' id='word_1_49' title='bbox 1437 1637 1505 1707; x_wconf 87' lang='lat' dir='ltr'>Ro·</span> 
     </span>
     <span class='ocr_line' id='line_1_7' title="bbox 289 1728 1507 1824; baseline -0.007 -14"><span class='ocrx_word' id='word_1_50' title='bbox 289 1757 366 1810; x_wconf 87' lang='lat' dir='ltr'>mae</span> <span class='ocrx_word' id='word_1_51' title='bbox 392 1730 558 1808; x_wconf 86' lang='lat' dir='ltr'>educatus</span> <span class='ocrx_word' id='word_1_52' title='bbox 581 1753 663 1804; x_wconf 88' lang='lat' dir='ltr'>cunr</span> <span class='ocrx_word' id='word_1_53' title='bbox 689 1731 825 1818; x_wconf 90' lang='lat' dir='ltr'>Drus0,</span> <span class='ocrx_word' id='word_1_54' title='bbox 862 1730 938 1804; x_wconf 90' lang='lat' dir='ltr'>filio</span> <span class='ocrx_word' id='word_1_55' title='bbox 965 1728 1126 1818; x_wconf 88' lang='lat' dir='ltr'>Tiberii,</span> <span class='ocrx_word' id='word_1_56' title='bbox 1162 1749 1301 1824; x_wconf 86' lang='lat' dir='ltr'>gratum</span> <span class='ocrx_word' id='word_1_57' title='bbox 1328 1728 1402 1802; x_wconf 90' lang='lat' dir='ltr'>sese</span> <span class='ocrx_word' id='word_1_58' title='bbox 1429 1728 1507 1803; x_wconf 90' lang='lat' dir='ltr'>auli·</span> 
     </span>
     <span class='ocr_line' id='line_1_8' title="bbox 292 1823 1507 1921; baseline -0.004 -18"><span class='ocrx_word' id='word_1_59' title='bbox 292 1832 343 1904; x_wconf 92' lang='lat' dir='ltr'>cis</span> <span class='ocrx_word' id='word_1_60' title='bbox 362 1823 563 1920; x_wconf 76' lang='lat' dir='ltr'>praestitit,</span> <span class='ocrx_word' id='word_1_61' title='bbox 591 1826 669 1915; x_wconf 88' lang='lat' dir='ltr'>sed,</span> <span class='ocrx_word' id='word_1_62' title='bbox 697 1851 741 1899; x_wconf 91' lang='lat' dir='ltr'>eo</span> <span class='ocrx_word' id='word_1_63' title='bbox 761 1825 898 1916; x_wconf 88' lang='lat' dir='ltr'>occiso,</span> <span class='ocrx_word' id='word_1_64' title='bbox 925 1825 1059 1921; x_wconf 89' lang='lat' dir='ltr'>spretus</span> <span class='ocrx_word' id='word_1_65' title='bbox 1085 1852 1104 1899; x_wconf 92' lang='lat' dir='ltr'>a</span> <span class='ocrx_word' id='word_1_66' title='bbox 1124 1824 1301 1914; x_wconf 85' lang='lat' dir='ltr'>Tiberio,</span> <span class='ocrx_word' id='word_1_67' title='bbox 1325 1825 1427 1913; x_wconf 87' lang='lat' dir='ltr'>etad</span> <span class='ocrx_word' id='word_1_68' title='bbox 1451 1849 1507 1898; x_wconf 82' lang='lat' dir='ltr'>ex·</span> 
     </span>
     <span class='ocr_line' id='line_1_9' title="bbox 287 1919 1507 2018; baseline -0.002 -20"><span class='ocrx_word' id='word_1_69' title='bbox 287 1943 401 1998; x_wconf 89' lang='lat' dir='ltr'>trema</span> <span class='ocrx_word' id='word_1_70' title='bbox 426 1921 609 2012; x_wconf 60' lang='lat' dir='ltr'>redaslus,</span> <span class='ocrx_word' id='word_1_71' title='bbox 643 1922 680 1995; x_wconf 90' lang='lat' dir='ltr'>in</span> <span class='ocrx_word' id='word_1_72' title='bbox 715 1921 879 2018; x_wconf 86' lang='lat' dir='ltr'>Judaeam</span> <span class='ocrx_word' id='word_1_73' title='bbox 913 1920 984 1994; x_wconf 88' lang='lat' dir='ltr'>sese</span> <span class='ocrx_word' id='word_1_74' title='bbox 1017 1919 1178 2015; x_wconf 90' lang='lat' dir='ltr'>recepit,</span> <span class='ocrx_word' id='word_1_75' title='bbox 1211 1919 1293 2008; x_wconf 89' lang='lat' dir='ltr'>sed,</span> <span class='ocrx_word' id='word_1_76' title='bbox 1325 1922 1437 1993; x_wconf 87' lang='lat' dir='ltr'>variis</span> <span class='ocrx_word' id='word_1_77' title='bbox 1461 1921 1507 1995; x_wconf 93' lang='lat' dir='ltr'>ibi</span> 
     </span>
     <span class='ocr_line' id='line_1_10' title="bbox 288 2013 1505 2115; baseline -0.005 -19"><span class='ocrx_word' id='word_1_78' title='bbox 288 2017 413 2097; x_wconf 83' lang='lat' dir='ltr'>subitis</span> <span class='ocrx_word' id='word_1_79' title='bbox 429 2017 578 2106; x_wconf 84' lang='lat' dir='ltr'>casibus,</span> <span class='ocrx_word' id='word_1_80' title='bbox 605 2017 711 2115; x_wconf 88' lang='lat' dir='ltr'>aJ0s.</span> <span class='ocrx_word' id='word_1_81' title='bbox 738 2016 881 2090; x_wconf 85' lang='lat' dir='ltr'>narratis</span> <span class='ocrx_word' id='word_1_82' title='bbox 907 2017 993 2089; x_wconf 85' lang='lat' dir='ltr'>Ant.</span> <span class='ocrx_word' id='word_1_83' title='bbox 1021 2018 1185 2106; x_wconf 88' lang='lat' dir='ltr'>XVllI.,</span> <span class='ocrx_word' id='word_1_84' title='bbox 1211 2013 1319 2088; x_wconf 89' lang='lat' dir='ltr'>rediit</span> <span class='ocrx_word' id='word_1_85' title='bbox 1338 2018 1505 2108; x_wconf 89' lang='lat' dir='ltr'>Romam,</span> 
     </span>
     <span class='ocr_line' id='line_1_11' title="bbox 288 2110 1507 2212; baseline -0.005 -21"><span class='ocrx_word' id='word_1_86' title='bbox 288 2119 472 2212; x_wconf 87' lang='lat' dir='ltr'>bonaque,</span> <span class='ocrx_word' id='word_1_87' title='bbox 506 2137 593 2208; x_wconf 86' lang='lat' dir='ltr'>quae</span> <span class='ocrx_word' id='word_1_88' title='bbox 622 2137 690 2208; x_wconf 87' lang='lat' dir='ltr'>ope</span> <span class='ocrx_word' id='word_1_89' title='bbox 726 2113 920 2187; x_wconf 89' lang='lat' dir='ltr'>amicorum</span> <span class='ocrx_word' id='word_1_90' title='bbox 953 2113 1162 2209; x_wconf 87' lang='lat' dir='ltr'>collegerat,</span> <span class='ocrx_word' id='word_1_91' title='bbox 1197 2110 1272 2199; x_wconf 90' lang='lat' dir='ltr'>ibi,</span> <span class='ocrx_word' id='word_1_92' title='bbox 1308 2114 1407 2186; x_wconf 83' lang='lat' dir='ltr'>aulae</span> <span class='ocrx_word' id='word_1_93' title='bbox 1434 2137 1507 2208; x_wconf 84' lang='lat' dir='ltr'>gra·</span> 
     </span>
     <span class='ocr_line' id='line_1_12' title="bbox 290 2205 1507 2306; baseline -0.005 -18"><span class='ocrx_word' id='word_1_94' title='bbox 290 2214 377 2288; x_wconf 88' lang='lat' dir='ltr'>tiam</span> <span class='ocrx_word' id='word_1_95' title='bbox 401 2228 607 2306; x_wconf 82' lang='lat' dir='ltr'>aucupatus,</span> <span class='ocrx_word' id='word_1_96' title='bbox 650 2207 718 2280; x_wconf 92' lang='lat' dir='ltr'>dila</span> <span class='ocrx_word' id='word_1_97' title='bbox 744 2208 876 2299; x_wconf 89' lang='lat' dir='ltr'>idavit,</span> <span class='ocrx_word' id='word_1_98' title='bbox 919 2207 1033 2283; x_wconf 90' lang='lat' dir='ltr'>donec</span> <span class='ocrx_word' id='word_1_99' title='bbox 1056 2232 1076 2281; x_wconf 88' lang='lat' dir='ltr'>a</span> <span class='ocrx_word' id='word_1_100' title='bbox 1106 2207 1258 2280; x_wconf 87' lang='lat' dir='ltr'>Tiberio</span> <span class='ocrx_word' id='word_1_101' title='bbox 1289 2205 1402 2282; x_wconf 87' lang='lat' dir='ltr'>fuerit</span> <span class='ocrx_word' id='word_1_102' title='bbox 1425 2208 1507 2304; x_wconf 85' lang='lat' dir='ltr'>eajo</span> 
     </span>
     <span class='ocr_line' id='line_1_13' title="bbox 290 2235 1506 2404; baseline -0.002 -21"><span class='ocrx_word' id='word_1_103' title='bbox 290 2307 484 2404; x_wconf 81' lang='lat' dir='ltr'>Caligulae,</span> <span class='ocrx_word' id='word_1_104' title='bbox 519 2304 582 2399; x_wconf 85' lang='lat' dir='ltr'>ipsr</span> <span class='ocrx_word' id='word_1_105' title='bbox 609 2235 821 2391; x_wconf 61' lang='lat' dir='ltr'>succesum,</span> <span class='ocrx_word' id='word_1_106' title='bbox 855 2304 1140 2392; x_wconf 86' lang='lat' dir='ltr'>commendatus,</span> <span class='ocrx_word' id='word_1_107' title='bbox 1173 2302 1232 2375; x_wconf 91' lang='lat' dir='ltr'>sed</span> <span class='ocrx_word' id='word_1_108' title='bbox 1255 2326 1343 2377; x_wconf 85' lang='lat' dir='ltr'>mox</span> <span class='ocrx_word' id='word_1_109' title='bbox 1376 2303 1414 2379; x_wconf 88' lang='lat' dir='ltr'>in</span> <span class='ocrx_word' id='word_1_110' title='bbox 1436 2327 1506 2380; x_wconf 79' lang='lat' dir='ltr'>car·</span> 
     </span>
     <span class='ocr_line' id='line_1_14' title="bbox 288 2396 1507 2495; baseline -0.004 -16"><span class='ocrx_word' id='word_1_111' title='bbox 288 2426 409 2480; x_wconf 85' lang='lat' dir='ltr'>cerem</span> <span class='ocrx_word' id='word_1_112' title='bbox 438 2399 635 2494; x_wconf 67' lang='lat' dir='ltr'>conjeslus,</span> <span class='ocrx_word' id='word_1_113' title='bbox 669 2398 762 2493; x_wconf 91' lang='lat' dir='ltr'>quod</span> <span class='ocrx_word' id='word_1_114' title='bbox 788 2399 873 2495; x_wconf 92' lang='lat' dir='ltr'>Cajo</span> <span class='ocrx_word' id='word_1_115' title='bbox 897 2397 1002 2471; x_wconf 90' lang='lat' dir='ltr'>nimis</span> <span class='ocrx_word' id='word_1_116' title='bbox 1026 2396 1312 2488; x_wconf 84' lang='lat' dir='ltr'>adhaeresceret,</span> <span class='ocrx_word' id='word_1_117' title='bbox 1349 2399 1507 2476; x_wconf 83' lang='lat' dir='ltr'>Tiberio</span> 
     </span>
     <span class='ocr_line' id='line_1_15' title="bbox 290 2492 1508 2597; baseline -0.004 -22"><span class='ocrx_word' id='word_1_118' title='bbox 290 2496 474 2597; x_wconf 69' lang='lat' dir='ltr'>negleslo:</span> <span class='ocrx_word' id='word_1_119' title='bbox 502 2495 613 2583; x_wconf 89' lang='lat' dir='ltr'>unde,</span> <span class='ocrx_word' id='word_1_120' title='bbox 642 2493 793 2566; x_wconf 90' lang='lat' dir='ltr'>Tiberio</span> <span class='ocrx_word' id='word_1_121' title='bbox 820 2514 980 2579; x_wconf 84' lang='lat' dir='ltr'>mortuo,</span> <span class='ocrx_word' id='word_1_122' title='bbox 1005 2517 1025 2566; x_wconf 89' lang='lat' dir='ltr'>a</span> <span class='ocrx_word' id='word_1_123' title='bbox 1050 2495 1153 2590; x_wconf 89' lang='lat' dir='ltr'>Cajo,</span> <span class='ocrx_word' id='word_1_124' title='bbox 1188 2492 1226 2565; x_wconf 92' lang='lat' dir='ltr'>in</span> <span class='ocrx_word' id='word_1_125' title='bbox 1253 2494 1354 2590; x_wconf 88' lang='lat' dir='ltr'>cujus</span> <span class='ocrx_word' id='word_1_126' title='bbox 1380 2495 1508 2570; x_wconf 87' lang='lat' dir='ltr'>floren·</span> 
     </span>
     <span class='ocr_line' id='line_1_16' title="bbox 289 2587 1508 2687; baseline -0.003 -18"><span class='ocrx_word' id='word_1_127' title='bbox 289 2590 328 2669; x_wconf 76' lang='lat' dir='ltr'>&#39;te</span> <span class='ocrx_word' id='word_1_128' title='bbox 353 2612 427 2666; x_wconf 87' lang='lat' dir='ltr'>erat</span> <span class='ocrx_word' id='word_1_129' title='bbox 453 2590 586 2686; x_wconf 84' lang='lat' dir='ltr'>gratia,</span> <span class='ocrx_word' id='word_1_130' title='bbox 612 2590 753 2664; x_wconf 82' lang='lat' dir='ltr'>Caesare</span> <span class='ocrx_word' id='word_1_131' title='bbox 778 2589 891 2679; x_wconf 65' lang='lat' dir='ltr'>saslo,</span> <span class='ocrx_word' id='word_1_132' title='bbox 918 2587 1080 2678; x_wconf 68' lang='lat' dir='ltr'>edituus,</span> <span class='ocrx_word' id='word_1_133' title='bbox 1115 2609 1152 2661; x_wconf 85' lang='lat' dir='ltr'>et</span> <span class='ocrx_word' id='word_1_134' title='bbox 1178 2587 1336 2687; x_wconf 85' lang='lat' dir='ltr'>Antipae</span> <span class='ocrx_word' id='word_1_135' title='bbox 1363 2614 1406 2664; x_wconf 90' lang='lat' dir='ltr'>ac</span> <span class='ocrx_word' id='word_1_136' title='bbox 1429 2591 1508 2684; x_wconf 88' lang='lat' dir='ltr'>Plri-</span> 
     </span>
     <span class='ocr_line' id='line_1_17' title="bbox 287 2685 1507 2787; baseline -0.003 -21"><span class='ocrx_word' id='word_1_137' title='bbox 287 2690 379 2787; x_wconf 86' lang='lat' dir='ltr'>lippi</span> <span class='ocrx_word' id='word_1_138' title='bbox 398 2688 633 2776; x_wconf 87' lang='lat' dir='ltr'>tetrarchatu,</span> <span class='ocrx_word' id='word_1_139' title='bbox 660 2686 762 2783; x_wconf 90' lang='lat' dir='ltr'>hujus</span> <span class='ocrx_word' id='word_1_140' title='bbox 779 2710 833 2763; x_wconf 91' lang='lat' dir='ltr'>an.</span> <span class='ocrx_word' id='word_1_141' title='bbox 863 2707 930 2781; x_wconf 83' lang='lat'>37,</span> <span class='ocrx_word' id='word_1_142' title='bbox 955 2685 1045 2759; x_wconf 89' lang='lat' dir='ltr'>illius</span> <span class='ocrx_word' id='word_1_143' title='bbox 1061 2710 1092 2757; x_wconf 89' lang='lat' dir='ltr'>a.</span> <span class='ocrx_word' id='word_1_144' title='bbox 1117 2708 1167 2776; x_wconf 82' lang='lat'>40</span> <span class='ocrx_word' id='word_1_145' title='bbox 1191 2709 1260 2760; x_wconf 91' lang='lat' dir='ltr'>aer.</span> <span class='ocrx_word' id='word_1_146' title='bbox 1289 2687 1423 2783; x_wconf 88' lang='lat' dir='ltr'>Vulg.,</span> <span class='ocrx_word' id='word_1_147' title='bbox 1447 2686 1507 2762; x_wconf 92' lang='lat' dir='ltr'>du·</span> 
     </span>
     <span class='ocr_line' id='line_1_18' title="bbox 284 2780 1507 2884; baseline 0.002 -28"><span class='ocrx_word' id='word_1_148' title='bbox 284 2786 383 2884; x_wconf 89' lang='lat' dir='ltr'>plice</span> <span class='ocrx_word' id='word_1_149' title='bbox 399 2784 546 2854; x_wconf 87' lang='lat' dir='ltr'>donatus</span> <span class='ocrx_word' id='word_1_150' title='bbox 569 2781 640 2871; x_wconf 89' lang='lat' dir='ltr'>est,</span> <span class='ocrx_word' id='word_1_151' title='bbox 668 2807 748 2854; x_wconf 91' lang='lat' dir='ltr'>cum</span> <span class='ocrx_word' id='word_1_152' title='bbox 769 2782 873 2855; x_wconf 89' lang='lat' dir='ltr'>titulo</span> <span class='ocrx_word' id='word_1_153' title='bbox 891 2781 1014 2877; x_wconf 88' lang='lat' dir='ltr'>Regis.</span> <span class='ocrx_word' id='word_1_154' title='bbox 1063 2780 1197 2854; x_wconf 83' lang='lat' dir='ltr'>Mansit</span> <span class='ocrx_word' id='word_1_155' title='bbox 1222 2780 1337 2855; x_wconf 91' lang='lat' dir='ltr'>adlruc</span> <span class='ocrx_word' id='word_1_156' title='bbox 1355 2782 1507 2880; x_wconf 88' lang='lat' dir='ltr'>aliquan·</span> 
     </span>
     <span class='ocr_line' id='line_1_19' title="bbox 288 2875 1509 2976; baseline -0.002 -22"><span class='ocrx_word' id='word_1_157' title='bbox 288 2880 348 2954; x_wconf 89' lang='lat' dir='ltr'>diu</span> <span class='ocrx_word' id='word_1_158' title='bbox 383 2876 537 2964; x_wconf 87' lang='lat' dir='ltr'>Romae,</span> <span class='ocrx_word' id='word_1_159' title='bbox 579 2893 616 2946; x_wconf 89' lang='lat' dir='ltr'>et</span> <span class='ocrx_word' id='word_1_160' title='bbox 648 2875 782 2951; x_wconf 86' lang='lat' dir='ltr'>causam</span> <span class='ocrx_word' id='word_1_161' title='bbox 823 2875 945 2973; x_wconf 91' lang='lat' dir='ltr'>populi</span> <span class='ocrx_word' id='word_1_162' title='bbox 980 2875 1103 2972; x_wconf 88' lang='lat' dir='ltr'>Judaei</span> <span class='ocrx_word' id='word_1_163' title='bbox 1135 2875 1227 2973; x_wconf 89' lang='lat' dir='ltr'>apud</span> <span class='ocrx_word' id='word_1_164' title='bbox 1254 2878 1399 2970; x_wconf 83' lang='lat' dir='ltr'>Ca&#39;um,</span> <span class='ocrx_word' id='word_1_165' title='bbox 1417 2934 1420 2938; x_wconf 85' lang='lat'>-</span> <span class='ocrx_word' id='word_1_166' title='bbox 1439 2903 1509 2976; x_wconf 75' lang='lat' dir='ltr'>quu</span> 
     </span>
     <span class='ocr_line' id='line_1_20' title="bbox 289 2970 1508 3071; baseline -0.001 -23"><span class='ocrx_word' id='word_1_167' title='bbox 289 2995 453 3068; x_wconf 86' lang='lat' dir='ltr'>tempore</span> <span class='ocrx_word' id='word_1_168' title='bbox 493 2970 639 3046; x_wconf 87' lang='lat' dir='ltr'>statuam</span> <span class='ocrx_word' id='word_1_169' title='bbox 675 2973 772 3047; x_wconf 89' lang='lat' dir='ltr'>suam</span> <span class='ocrx_word' id='word_1_170' title='bbox 808 2972 1078 3070; x_wconf 85' lang='lat' dir='ltr'>Hierosolymae</span> <span class='ocrx_word' id='word_1_171' title='bbox 1111 2970 1148 3044; x_wconf 95' lang='lat' dir='ltr'>in</span> <span class='ocrx_word' id='word_1_172' title='bbox 1184 2973 1340 3069; x_wconf 85' lang='lat' dir='ltr'>Tempu</span> <span class='ocrx_word' id='word_1_173' title='bbox 1377 2998 1508 3071; x_wconf 89' lang='lat' dir='ltr'>ponere</span> 
     </span>
     <span class='ocr_line' id='line_1_21' title="bbox 289 3066 1507 3167; baseline -0.002 -21"><span class='ocrx_word' id='word_1_174' title='bbox 289 3087 435 3146; x_wconf 90' lang='lat' dir='ltr'>conatus</span> <span class='ocrx_word' id='word_1_175' title='bbox 453 3066 523 3155; x_wconf 91' lang='lat' dir='ltr'>est,</span> <span class='ocrx_word' id='word_1_176' title='bbox 550 3066 689 3140; x_wconf 88' lang='lat' dir='ltr'>strenue</span> <span class='ocrx_word' id='word_1_177' title='bbox 705 3071 801 3165; x_wconf 84' lang='lat' dir='ltr'>egit,</span> <span class='ocrx_word' id='word_1_178' title='bbox 827 3088 867 3140; x_wconf 86' lang='lat' dir='ltr'>ut</span> <span class='ocrx_word' id='word_1_179' title='bbox 884 3067 985 3164; x_wconf 88' lang='lat' dir='ltr'>supra</span> <span class='ocrx_word' id='word_1_180' title='bbox 1002 3067 1123 3140; x_wconf 90' lang='lat' dir='ltr'>retuli:</span> <span class='ocrx_word' id='word_1_181' title='bbox 1150 3066 1286 3156; x_wconf 87' lang='lat' dir='ltr'>donec,</span> <span class='ocrx_word' id='word_1_182' title='bbox 1313 3072 1401 3167; x_wconf 85' lang='lat' dir='ltr'>Cajo</span> <span class='ocrx_word' id='word_1_183' title='bbox 1416 3095 1507 3144; x_wconf 91' lang='lat' dir='ltr'>mor·</span> 
     </span>
     <span class='ocr_line' id='line_1_22' title="bbox 287 3163 1505 3259; baseline 0.005 -23"><span class='ocrx_word' id='word_1_184' title='bbox 287 3186 372 3253; x_wconf 88' lang='lat' dir='ltr'>tuo,</span> <span class='ocrx_word' id='word_1_185' title='bbox 400 3187 420 3234; x_wconf 92' lang='lat' dir='ltr'>a</span> <span class='ocrx_word' id='word_1_186' title='bbox 449 3163 617 3250; x_wconf 90' lang='lat' dir='ltr'>Claudio,</span> <span class='ocrx_word' id='word_1_187' title='bbox 642 3166 716 3259; x_wconf 83' lang='lat' dir='ltr'>ejus</span> <span class='ocrx_word' id='word_1_188' title='bbox 742 3163 953 3252; x_wconf 77' lang='lat' dir='ltr'>successore,</span> <span class='ocrx_word' id='word_1_189' title='bbox 980 3163 1016 3236; x_wconf 95' lang='lat' dir='ltr'>in</span> <span class='ocrx_word' id='word_1_190' title='bbox 1044 3164 1244 3237; x_wconf 89' lang='lat' dir='ltr'>universum</span> <span class='ocrx_word' id='word_1_191' title='bbox 1269 3166 1429 3240; x_wconf 86' lang='lat' dir='ltr'>Herodis</span> <span class='ocrx_word' id='word_1_192' title='bbox 1450 3168 1505 3242; x_wconf 87' lang='lat' dir='ltr'>M.</span> 
     </span>
     <span class='ocr_line' id='line_1_23' title="bbox 287 3256 1506 3360; baseline -0.004 -21"><span class='ocrx_word' id='word_1_193' title='bbox 287 3284 436 3360; x_wconf 82' lang='lat' dir='ltr'>regnum</span> <span class='ocrx_word' id='word_1_194' title='bbox 456 3257 565 3332; x_wconf 88' lang='lat' dir='ltr'>fuerit</span> <span class='ocrx_word' id='word_1_195' title='bbox 582 3256 781 3346; x_wconf 89' lang='lat' dir='ltr'>restitutus,</span> <span class='ocrx_word' id='word_1_196' title='bbox 800 3279 837 3330; x_wconf 84' lang='lat' dir='ltr'>et</span> <span class='ocrx_word' id='word_1_197' title='bbox 849 3258 981 3331; x_wconf 91' lang='lat' dir='ltr'>amicus</span> <span class='ocrx_word' id='word_1_198' title='bbox 998 3259 1149 3332; x_wconf 87' lang='lat' dir='ltr'>Caesaris</span> <span class='ocrx_word' id='word_1_199' title='bbox 1167 3259 1372 3334; x_wconf 88' lang='lat' dir='ltr'>declaratus.</span> <span class='ocrx_word' id='word_1_200' title='bbox 1408 3264 1506 3334; x_wconf 86' lang='lat' dir='ltr'>Prae·</span> 
     </span>
     <span class='ocr_line' id='line_1_24' title="bbox 288 3352 1504 3452; baseline -0.007 -14"><span class='ocrx_word' id='word_1_201' title='bbox 288 3359 381 3438; x_wconf 87' lang='lat' dir='ltr'>stitit</span> <span class='ocrx_word' id='word_1_202' title='bbox 415 3355 485 3430; x_wconf 86' lang='lat' dir='ltr'>sese</span> <span class='ocrx_word' id='word_1_203' title='bbox 520 3352 558 3428; x_wconf 90' lang='lat' dir='ltr'>in</span> <span class='ocrx_word' id='word_1_204' title='bbox 592 3355 720 3452; x_wconf 86' lang='lat' dir='ltr'>Regno</span> <span class='ocrx_word' id='word_1_205' title='bbox 762 3353 879 3451; x_wconf 86' lang='lat' dir='ltr'>gentis</span> <span class='ocrx_word' id='word_1_206' title='bbox 912 3373 949 3427; x_wconf 89' lang='lat' dir='ltr'>et</span> <span class='ocrx_word' id='word_1_207' title='bbox 984 3354 1165 3451; x_wconf 83' lang='lat' dir='ltr'>religionis</span> <span class='ocrx_word' id='word_1_208' title='bbox 1208 3355 1504 3449; x_wconf 83' lang='lat' dir='ltr'>studiofiffimun,</span> 
     </span>
     <span class='ocr_line' id='line_1_25' title="bbox 288 3449 1504 3548; baseline -0.005 -16"><span class='ocrx_word' id='word_1_209' title='bbox 288 3457 389 3532; x_wconf 88' lang='lat' dir='ltr'>srmul</span> <span class='ocrx_word' id='word_1_210' title='bbox 413 3452 589 3526; x_wconf 88' lang='lat' dir='ltr'>liberalem</span> <span class='ocrx_word' id='word_1_211' title='bbox 615 3472 651 3523; x_wconf 86' lang='lat' dir='ltr'>et</span> <span class='ocrx_word' id='word_1_212' title='bbox 686 3449 935 3548; x_wconf 87' lang='lat' dir='ltr'>magnificum,</span> <span class='ocrx_word' id='word_1_213' title='bbox 979 3450 1247 3547; x_wconf 89' lang='lat' dir='ltr'>Hierosolymae</span> <span class='ocrx_word' id='word_1_214' title='bbox 1272 3475 1412 3547; x_wconf 90' lang='lat' dir='ltr'>quoque</span> <span class='ocrx_word' id='word_1_215' title='bbox 1437 3478 1504 3526; x_wconf 90' lang='lat' dir='ltr'>arn·</span> 
     </span>
     <span class='ocr_line' id='line_1_26' title="bbox 287 3544 1505 3649; baseline 0 -26"><span class='ocrx_word' id='word_1_216' title='bbox 287 3548 518 3649; x_wconf 87' lang='lat' dir='ltr'>plificandae,</span> <span class='ocrx_word' id='word_1_217' title='bbox 545 3547 740 3636; x_wconf 87' lang='lat' dir='ltr'>ornandae,</span> <span class='ocrx_word' id='word_1_218' title='bbox 765 3570 806 3619; x_wconf 90' lang='lat' dir='ltr'>ac</span> <span class='ocrx_word' id='word_1_219' title='bbox 823 3547 1053 3636; x_wconf 87' lang='lat' dir='ltr'>muniendae,</span> <span class='ocrx_word' id='word_1_220' title='bbox 1079 3544 1219 3620; x_wconf 90' lang='lat' dir='ltr'>strenue</span> <span class='ocrx_word' id='word_1_221' title='bbox 1240 3547 1423 3637; x_wconf 91' lang='lat' dir='ltr'>incubuit,</span> <span class='ocrx_word' id='word_1_222' title='bbox 1449 3550 1505 3624; x_wconf 90' lang='lat' dir='ltr'>ad·</span> 
     </span>
     <span class='ocr_line' id='line_1_27' title="bbox 286 3641 1504 3745; baseline 0.003 -28"><span class='ocrx_word' id='word_1_223' title='bbox 286 3644 379 3745; x_wconf 55' lang='lat' dir='ltr'>je&amp;</span> <span class='ocrx_word' id='word_1_224' title='bbox 397 3643 504 3715; x_wconf 73' lang='lat' dir='ltr'>eriam</span> <span class='ocrx_word' id='word_1_225' title='bbox 524 3668 616 3716; x_wconf 92' lang='lat' dir='ltr'>nova</span> <span class='ocrx_word' id='word_1_226' title='bbox 644 3643 793 3716; x_wconf 79' lang='lat' dir='ltr'>civitate</span> <span class='ocrx_word' id='word_1_227' title='bbox 812 3668 832 3715; x_wconf 90' lang='lat' dir='ltr'>a</span> <span class='ocrx_word' id='word_1_228' title='bbox 853 3641 1113 3739; x_wconf 83' lang='lat' dir='ltr'>septentrione,</span> <span class='ocrx_word' id='word_1_229' title='bbox 1140 3667 1226 3738; x_wconf 89' lang='lat' dir='ltr'>quae</span> <span class='ocrx_word' id='word_1_230' title='bbox 1244 3645 1393 3718; x_wconf 77' lang='lat' dir='ltr'>Bezetlra</span> <span class='ocrx_word' id='word_1_231' title='bbox 1418 3645 1453 3720; x_wconf 92' lang='lat' dir='ltr'>h.</span> <span class='ocrx_word' id='word_1_232' title='bbox 1472 3671 1504 3722; x_wconf 85' lang='lat' dir='ltr'>e.</span> 
     </span>
     <span class='ocr_line' id='line_1_28' title="bbox 287 3736 1506 3837; baseline 0.001 -22"><span class='ocrx_word' id='word_1_233' title='bbox 287 3740 496 3823; x_wconf 56' lang='lat' dir='ltr'>affin-nr:</span> <span class='ocrx_word' id='word_1_234' title='bbox 529 3744 610 3816; x_wconf 66' lang='lat' dir='ltr'>:aab</span> <span class='ocrx_word' id='word_1_235' title='bbox 638 3737 724 3817; x_wconf 67' lang='lat' dir='ltr'>asan</span> <span class='ocrx_word' id='word_1_236' title='bbox 749 3764 832 3814; x_wconf 79' lang='lat' dir='ltr'>nova</span> <span class='ocrx_word' id='word_1_237' title='bbox 856 3745 933 3812; x_wconf 85' lang='lat' dir='ltr'>urbs</span> <span class='ocrx_word' id='word_1_238' title='bbox 955 3739 1125 3833; x_wconf 89' lang='lat' dir='ltr'>appellata</span> <span class='ocrx_word' id='word_1_239' title='bbox 1153 3736 1226 3827; x_wconf 90' lang='lat' dir='ltr'>est;</span> <span class='ocrx_word' id='word_1_240' title='bbox 1261 3740 1376 3828; x_wconf 90' lang='lat' dir='ltr'>unde,</span> <span class='ocrx_word' id='word_1_241' title='bbox 1413 3741 1506 3837; x_wconf 90' lang='lat' dir='ltr'>quod</span> 
     </span>
     <span class='ocr_line' id='line_1_29' title="bbox 286 3831 1504 3943; baseline -0.001 -32"><span class='ocrx_word' id='word_1_242' title='bbox 286 3835 402 3912; x_wconf 88' lang='lat' dir='ltr'>notari</span> <span class='ocrx_word' id='word_1_243' title='bbox 423 3855 597 3924; x_wconf 86' lang='lat' dir='ltr'>meretur,</span> <span class='ocrx_word' id='word_1_244' title='bbox 622 3839 702 3908; x_wconf 90' lang='lat' dir='ltr'>urbs</span> <span class='ocrx_word' id='word_1_245' title='bbox 727 3834 803 3907; x_wconf 85' lang='lat' dir='ltr'>fere</span> <span class='ocrx_word' id='word_1_246' title='bbox 829 3837 1100 3943; x_wconf 75' lang='lat' dir='ltr'>quadrangularis</span> <span class='ocrx_word' id='word_1_247' title='bbox 1122 3831 1212 3907; x_wconf 57' lang='lat' dir='ltr'>sacia</span> <span class='ocrx_word' id='word_1_248' title='bbox 1228 3833 1300 3921; x_wconf 87' lang='lat' dir='ltr'>est3</span> <span class='ocrx_word' id='word_1_249' title='bbox 1326 3858 1398 3930; x_wconf 93' lang='lat' dir='ltr'>quo</span> <span class='ocrx_word' id='word_1_250' title='bbox 1413 3837 1504 3930; x_wconf 90' lang='lat' dir='ltr'>apud</span> 
     </span>
     <span class='ocr_line' id='line_1_30' title="bbox 287 3925 1505 4026; baseline -0.002 -15"><span class='ocrx_word' id='word_1_251' title='bbox 287 3932 421 4011; x_wconf 79' lang='lat' dir='ltr'>Erech.</span> <span class='ocrx_word' id='word_1_252' title='bbox 454 3946 491 3999; x_wconf 89' lang='lat' dir='ltr'>et</span> <span class='ocrx_word' id='word_1_253' title='bbox 519 3925 556 3998; x_wconf 94' lang='lat' dir='ltr'>in</span> <span class='ocrx_word' id='word_1_254' title='bbox 582 3931 697 4026; x_wconf 89' lang='lat' dir='ltr'>Apoc.</span> <span class='ocrx_word' id='word_1_255' title='bbox 731 3930 926 4021; x_wconf 89' lang='lat' dir='ltr'>adludrtur,</span> <span class='ocrx_word' id='word_1_256' title='bbox 967 3928 1182 4026; x_wconf 89' lang='lat' dir='ltr'>ambitusque</span> <span class='ocrx_word' id='word_1_257' title='bbox 1216 3931 1290 4026; x_wconf 89' lang='lat' dir='ltr'>ejus</span> <span class='ocrx_word' id='word_1_258' title='bbox 1324 3951 1410 4004; x_wconf 92' lang='lat' dir='ltr'>tunc</span> <span class='ocrx_word' id='word_1_259' title='bbox 1436 3931 1505 4011; x_wconf 80' lang='lat' dir='ltr'>fuit</span> 
     </span>
     <span class='ocr_line' id='line_1_31' title="bbox 287 4024 1505 4126; baseline -0.001 -23"><span class='ocrx_word' id='word_1_260' title='bbox 287 4056 337 4126; x_wconf 65' lang='lat'>33</span> <span class='ocrx_word' id='word_1_261' title='bbox 364 4024 571 4119; x_wconf 79' lang='lat' dir='ltr'>stadiorum,</span> <span class='ocrx_word' id='word_1_262' title='bbox 607 4026 694 4099; x_wconf 86' lang='lat' dir='ltr'>teste</span> <span class='ocrx_word' id='word_1_263' title='bbox 719 4027 790 4122; x_wconf 88' lang='lat' dir='ltr'>Jos.</span> <span class='ocrx_word' id='word_1_264' title='bbox 820 4029 857 4101; x_wconf 91' lang='lat' dir='ltr'>B.</span> <span class='ocrx_word' id='word_1_265' title='bbox 883 4025 964 4124; x_wconf 90' lang='lat' dir='ltr'>Jud.</span> <span class='ocrx_word' id='word_1_266' title='bbox 992 4027 1059 4101; x_wconf 89' lang='lat' dir='ltr'>Vl:</span> <span class='ocrx_word' id='word_1_267' title='bbox 1085 4033 1119 4100; x_wconf 88' lang='lat'>6.</span> <span class='ocrx_word' id='word_1_268' title='bbox 1167 4026 1373 4114; x_wconf 86' lang='lat' dir='ltr'>Praeterea,</span> <span class='ocrx_word' id='word_1_269' title='bbox 1410 4027 1505 4102; x_wconf 81' lang='lat' dir='ltr'>urbis</span> 
     </span>
     <span class='ocr_line' id='line_1_32' title="bbox 287 4118 1504 4220; baseline -0.002 -20"><span class='ocrx_word' id='word_1_270' title='bbox 287 4121 467 4203; x_wconf 86' lang='lat' dir='ltr'>securitati</span> <span class='ocrx_word' id='word_1_271' title='bbox 493 4118 557 4192; x_wconf 89' lang='lat' dir='ltr'>hac</span> <span class='ocrx_word' id='word_1_272' title='bbox 579 4141 680 4212; x_wconf 90' lang='lat' dir='ltr'>parte</span> <span class='ocrx_word' id='word_1_273' title='bbox 708 4124 909 4210; x_wconf 87' lang='lat' dir='ltr'>consulens,</span> <span class='ocrx_word' id='word_1_274' title='bbox 942 4143 1006 4215; x_wconf 90' lang='lat' dir='ltr'>per</span> <span class='ocrx_word' id='word_1_275' title='bbox 1031 4140 1145 4196; x_wconf 89' lang='lat' dir='ltr'>toturn</span> <span class='ocrx_word' id='word_1_276' title='bbox 1179 4119 1327 4195; x_wconf 72' lang='lat' dir='ltr'>traslum</span> <span class='ocrx_word' id='word_1_277' title='bbox 1352 4125 1504 4220; x_wconf 69' lang='lat' dir='ltr'>Septem,</span> 
     </span>
     <span class='ocr_line' id='line_1_33' title="bbox 286 4219 1503 4314; baseline -0.003 -16"><span class='ocrx_word' id='word_1_278' title='bbox 286 4221 472 4298; x_wconf 82' lang='lat' dir='ltr'>trionalem</span> <span class='ocrx_word' id='word_1_279' title='bbox 500 4238 587 4290; x_wconf 84' lang='lat' dir='ltr'>muro</span> <span class='ocrx_word' id='word_1_280' title='bbox 614 4219 717 4289; x_wconf 78' lang='lat' dir='ltr'>valido</span> <span class='ocrx_word' id='word_1_281' title='bbox 746 4224 819 4292; x_wconf 74' lang='lat' dir='ltr'>novi</span> <span class='ocrx_word' id='word_1_282' title='bbox 841 4222 964 4313; x_wconf 84' lang='lat' dir='ltr'>operis,</span> <span class='ocrx_word' id='word_1_283' title='bbox 1003 4238 1063 4312; x_wconf 77' lang='lat' dir='ltr'>par</span> <span class='ocrx_word' id='word_1_284' title='bbox 1091 4236 1194 4292; x_wconf 84' lang='lat' dir='ltr'>artem</span> <span class='ocrx_word' id='word_1_285' title='bbox 1219 4221 1363 4314; x_wconf 80' lang='lat' dir='ltr'>obliqui,</span> <span class='ocrx_word' id='word_1_286' title='bbox 1397 4238 1430 4292; x_wconf 80' lang='lat' dir='ltr'>er</span> <span class='ocrx_word' id='word_1_287' title='bbox 1455 4225 1503 4303; x_wconf 58' lang='lat' dir='ltr'>inv</span> 
     </span>
     <span class='ocr_line' id='line_1_34' title="bbox 285 4311 1501 4482; baseline -0.007 -84"><span class='ocrx_word' id='word_1_288' title='bbox 285 4314 421 4412; x_wconf 70' lang='lat' dir='ltr'>vorsum</span> <span class='ocrx_word' id='word_1_289' title='bbox 447 4313 598 4405; x_wconf 78' lang='lat' dir='ltr'>firmati,</span> <span class='ocrx_word' id='word_1_290' title='bbox 631 4327 667 4383; x_wconf 84' lang='lat' dir='ltr'>ut</span> <span class='ocrx_word' id='word_1_291' title='bbox 694 4315 801 4384; x_wconf 82' lang='lat' dir='ltr'>latera</span> <span class='ocrx_word' id='word_1_292' title='bbox 830 4319 1082 4410; x_wconf 79' lang='lat' dir='ltr'>oppugnantium</span> <span class='ocrx_word' id='word_1_293' title='bbox 1106 4319 1151 4389; x_wconf 84' lang='lat' dir='ltr'>ad</span> <span class='ocrx_word' id='word_1_294' title='bbox 1173 4317 1254 4387; x_wconf 68' lang='lat' dir='ltr'>illus</span> <span class='ocrx_word' id='word_1_295' title='bbox 1274 4311 1501 4482; x_wconf 50' lang='lat' dir='ltr'><em>pfferm&#39;</em></span> 
     </span>
     <span class='ocr_line' id='line_1_35' title="bbox 284 4405 1501 4514; baseline -0.007 -22"><span class='ocrx_word' id='word_1_296' title='bbox 284 4437 326 4492; x_wconf 89' lang='lat' dir='ltr'>ut</span> <span class='ocrx_word' id='word_1_297' title='bbox 352 4410 466 4507; x_wconf 89' lang='lat' dir='ltr'>inquit</span> <span class='ocrx_word' id='word_1_298' title='bbox 493 4411 580 4486; x_wconf 78' lang='lat' dir='ltr'>Tac.</span> <span class='ocrx_word' id='word_1_299' title='bbox 607 4405 698 4482; x_wconf 92' lang='lat' dir='ltr'>Hist.</span> <span class='ocrx_word' id='word_1_300' title='bbox 724 4408 745 4479; x_wconf 91' lang='lat' dir='ltr'>l.</span> <span class='ocrx_word' id='word_1_301' title='bbox 771 4407 844 4514; x_wconf 48' lang='grc' dir='ltr'>Μ,</span> <span class='ocrx_word' id='word_1_302' title='bbox 870 4407 1008 4480; x_wconf 91' lang='lat' dir='ltr'>munire</span> <span class='ocrx_word' id='word_1_303' title='bbox 1034 4407 1198 4483; x_wconf 91' lang='lat' dir='ltr'>instituit.</span> <span class='ocrx_word' id='word_1_304' title='bbox 1248 4411 1306 4510; x_wconf 78' lang='lat' dir='ltr'>Qp</span> <span class='ocrx_word' id='word_1_305' title='bbox 1379 4407 1501 4506; x_wconf 87' lang='lat' dir='ltr'>fiper·</span> 
     </span>
     <span class='ocr_line' id='line_1_36' title="bbox 280 4501 1502 4683; baseline -0.016 -90"><span class='ocrx_word' id='word_1_306' title='bbox 280 4509 442 4601; x_wconf 80' lang='lat' dir='ltr'>seciffet,</span> <span class='ocrx_word' id='word_1_307' title='bbox 468 4508 547 4584; x_wconf 86' lang='lat' dir='ltr'>urbs</span> <span class='ocrx_word' id='word_1_308' title='bbox 575 4504 704 4599; x_wconf 63' lang='lat' dir='ltr'>cerasta</span> <span class='ocrx_word' id='word_1_309' title='bbox 729 4501 798 4580; x_wconf 83' lang='lat' dir='ltr'>suat</span> <span class='ocrx_word' id='word_1_310' title='bbox 820 4503 1129 4604; x_wconf 77' lang='lat' dir='ltr'>inexpugnabilis3</span> <span class='ocrx_word' id='word_1_311' title='bbox 1158 4503 1219 4584; x_wconf 88' lang='lat' dir='ltr'>sed</span> <span class='ocrx_word' id='word_1_312' title='bbox 1246 4502 1502 4683; x_wconf 63' lang='lat' dir='ltr'>inpeditppibell</span> 
     </span>
     <span class='ocr_line' id='line_1_37' title="bbox 280 4622 1505 4687; baseline -0.006 0"><span class='ocrx_word' id='word_1_313' title='bbox 280 4650 296 4687; x_wconf 78' lang='lat'>:-</span> <span class='ocrx_word' id='word_1_314' title='bbox 640 4622 642 4625; x_wconf 57' lang='grc'>’</span> <span class='ocrx_word' id='word_1_315' title='bbox 960 4624 972 4644; x_wconf 85' lang='grc'><em>’</em></span> <span class='ocrx_word' id='word_1_316' title='bbox 1339 4622 1361 4676; x_wconf 65' lang='grc' dir='ltr'><strong>ὃ</strong></span> <span class='ocrx_word' id='word_1_317' title='bbox 1466 4624 1505 4680; x_wconf 79' lang='lat'>10</span> 
     </span>
    </p>
   </div>
   <div class='ocr_carea' id='block_1_3' title="bbox 0 0 1792 5884">
    <p class='ocr_par' dir='ltr' id='par_1_3' title="bbox 0 0 1792 5884">
     <span class='ocr_line' id='line_1_38' title="bbox 0 0 1792 5884; baseline 0 0"><span class='ocrx_word' id='word_1_318' title='bbox 0 0 1792 5884; x_wconf 95' lang='lat' dir='ltr'> </span> 
     </span>
    </p>
   </div>
  </div>
 </body>
</html>
