3575 5884
287 1154 364 1257 αα
633 1128 780 1244 Historia
802 1136 1039 1242 Ecclesiastico
1055 1141 1103 1220 IV.
1133 1138 1175 1218 T.

295 1361 370 1429 rus,
396 1335 447 1411 ita
470 1349 510 1406 ut
536 1334 607 1411 800
631 1343 767 1399 tantum
792 1323 1009 1417 restiterint,
1034 1348 1216 1426 pugnare,
1249 1334 1366 1424 qu'tm'
1440 1328 1519 1413 'ea

294 1429 489 1532 subjugari,
532 1429 735 1499 alterutrum
767 1423 863 1496 enim
899 1422 978 1497 fieri
1012 1425 1179 1515 deberet,
1219 1425 1386 1503 maluit..
1442 1427 1514 1511 ruit

295 1535 414 1628 ltaque
446 1546 525 1600 com
550 1521 617 1594 suis
643 1518 797 1593 animose
832 1520 870 1593 in
902 1520 1064 1594 dextrum
1095 1540 1228 1612 cornu,
1273 1521 1336 1598 cui
1358 1542 1518 1619 praeerat

294 1623 502 1709 Bacchides,
527 1615 627 1713 rupit·
642 1641 712 1713 quo
738 1638 783 1689 oe
807 1635 844 1688 et
867 1614 1056 1691 insechtus
1079 1615 1153 1706 est3
1179 1616 1321 1713 quando
1339 1616 1514 1701 esmislre

223 1807 226 1812 ,
295 1742 406 1798 cornu
432 1714 667 1788 circumdatur
690 1640 760 1803 ea,
786 1710 923 1802 vietus,
947 1733 989 1784 ac
1014 1733 1179 1800 necatns3
1219 1735 1293 1787 non
1317 1711 1392 1791 fine
1418 1739 1511 1815 mag·

293 1840 337 1892 na
358 1812 512 1887 hostium
538 1808 658 1883 caede.
701 1811 782 1883 Hac
809 1807 949 1882 ratione
967 1807 1106 1882 illustris
1126 1810 1233 1882 heroa
1392 1810 1441 1884 do
1459 1835 1519 1885 ce·

291 1911 402 1999 cidit,
435 1928 472 1980 et
497 1930 517 1979 a
541 1904 707 1977 fratribus
739 1906 776 1977 in
802 1904 987 2000 sepulchro
1011 1905 1128 2003 patrio
1153 1905 1288 1978 Modm
1308 1906 1515 1985 Inhumata!

291 2007 364 2097 est,
390 2002 574 2102 postquam
584 2000 656 2169 {ex
682 2022 762 2076 ann.
789 1999 1003 2096 praefuisset.

300 2137 306 2148 ·
337 2100 370 2203 §
398 2099 581 2175 CCCCLX
621 2097 723 2171 VIII.
764 2095 844 2169 Post
869 2097 942 2168 hoc
962 2093 1136 2170 funestum
1158 2093 1352 2192 praelium,
1383 2115 1423 2175 et
1448 2096 1510 2193 Ju-

290 2199 356 2276 dae
381 2214 556 2283 mortem,
581 2193 783 2267 inciderunt
800 2191 923 2289 Judaei
948 2189 986 2264 in
1010 2193 1156 2266 summas
1179 2190 1375 2286 angustias,
1399 2191 1515 2271 itaut

291 2294 409 2371 aslum
433 2291 614 2366 videretur
639 2288 683 2365 de
705 2288 800 2383 Rep.
826 2306 863 2360 et
887 2287 1070 2387 religione.
1118 2289 1251 2381 Magna
1263 2285 1344 2381 fro't
1368 2283 1512 2383 addidi·

289 2397 326 2466 in
349 2390 493 2488 israele,
527 2384 644 2481 inquit
668 2402 770 2455 autor
799 2405 814 2456 1
840 2383 959 2456 Mace.
985 2385 1048 2458 IX:
1078 2405 1134 2477 27.
1167 2378 1247 2476 post
1268 2401 1427 2458 mortem
1449 2384 1510 2480 Ju-

289 2486 356 2563 dae
385 2501 572 2570 narratam,
614 2481 719 2576 prolis
744 2503 806 2553 noa
828 2476 967 2573 fuerat,
1009 2504 1051 2552 ex
1076 2503 1134 2646 ἧκα
1158 2480 1207 2552 die
1232 2501 1296 2556 non
1318 2476 1403 2575 fait
1424 2477 1513 2578 arsut,

287 2582 443 2699 propheta
468 2581 554 2653 inter
579 2600 642 2650 tos.
691 2572 761 2671 Jos.
796 2598 866 2671 quo
890 2598 934 2648 ue
966 2574 1051 2646 Ant.
1101 2573 1237 2647 .XIII:
1267 2591 1300 2649 1.
1333 2597 1400 2653 eor
1424 2593 1511 2653 tunc

288 2705 329 2758 an
354 2695 451 2753 touta
476 2676 668 2750 calamitate
681 2668 785 2787 stifft
805 2693 873 2745 con
907 2670 1016 2744 'tutos
1039 2667 1167 2759 tradit,
1190 2685 1350 2766 quantana.
1372 2696 1437 2747 non
1451 2694 1510 2746 aa·
1546 2709 1548 2713 ·

285 2772 539 2949 insessis.
555 2766 1343 2972 sss.'slslffflilll‘emillillilii
1367 2767 1506 2945 ‘lli

286 2964 388 3043 milri!
421 2963 545 3034 macies
567 2955 666 3034 malti!
699 2983 758 3032 nae
783 2956 883 3031 milri!
917 2960 978 3032 ubr
1001 2958 1074 3033 vid.
1100 2958 1186 3032 V1tr
1279 2982 1291 3046 3
1323 2960 1449 3057 utique
1470 2957 1509 3035 in

286 3063 359 3138 hoc
389 3074 528 3155 tempus
564 3055 669 3130 unice
697 3073 733 3127 et
765 3071 925 3127 accurate
960 3054 1101 3146 quadrat
1133 3053 1184 3129 Ps.
1238 3056 1249 3070 '
1285 3054 1355 3128 IV.
1391 3053 1508 3138 utiin

285 3158 423 3235 comm.
445 3151 614 3250 exposui,
639 3171 794 3221 necnon
813 3151 903 3222 Dan.
922 3150 1003 3220 XII:
1029 3174 1059 3224 1.
1085 3149 1122 3222 in
1139 3149 1266 3246 specie.
1304 3150 1397 3245 Juda
1412 3173 1506 3227 mor·

284 3273 371 3342 tuo,
396 3269 435 3325 ut
462 3250 499 3321 in
525 3243 668 3320 historia
693 3267 857 3340 pergam,
881 3242 1026 3341 Judaei,
1050 3245 1178 3339 partim
1192 3242 1369 3335 hostium,
1396 3247 1507 3322 unde·

283 3340 1030 3532 dllnlll‘sllllalifflasall
1054 3339 1506 3535 filiel‘affil‘isiiise'

284 3504 400 3619 socios
424 3539 545 3612 severe
576 3556 641 3631 per
667 3532 876 3606 Bacchidem
899 3462 1101 3629 inquisitupm
1125 3533 1196 3622 est,
1211 3492 1269 3608 ‘ut
1292 3531 1505 3633 detegantur·

284 3655 324 3713 et
343 3632 561 3707 occidantur.
594 3631 676 3736 Quo
692 3653 805 3703 rerum
824 3628 935 3715 statu,
959 3629 1019 3724 qui
1037 3628 1100 3702 reli
1129 3627 1222 3703 'onir
1236 3627 1373 3725 patriae
1389 3652 1504 3709 aman·

284 3753 341 3809 ter
357 3747 480 3818 erant,
502 3726 738 3822 confugerunt
761 3727 803 3800 ad
820 3725 1073 3823 Jonathanem,
1094 3650 1239 3799 silenem
1252 3722 1386 3821 Judae,
1405 3750 1502 3804 eum·

279 3824 510 4004 aalma
527 3819 1495 3995 reminiscenda·..nacla10.

276 4042 329 4100 vo
360 3975 534 4125 sociorum
562 4039 731 4126 numero,
766 4015 803 4090 in
836 4014 1010 4090 desertum
1037 4012 1210 4088 Thekoae
1234 3940 1500 4111 effigium

278 4108 1042 4313 ¹:122?sslllllllll¹fsslalffllnl‘.
1059 4127 1238 4305 dailai}
1258 4111 1500 4304 illes?

279 4307 440 4386 riculoso.
486 4305 560 4380 Hic
578 4320 672 4373 emm
690 4325 770 4375 cum
791 4327 870 4376 eum
890 4302 1064 4378 invasisset
1083 4302 1292 4390 Bacchides,
1319 4303 1500 4399 Jomtlran

302 4404 418 4482 uidem
441 4400 477 4474 in
505 4398 611 4473 initio
638 4397 770 4471 cladem
790 4399 881 4471 haud
906 4401 1070 4496 exiguam
1096 4398 1217 4473 intulit
1232 4396 1417 4494 hostibus,
1439 4397 1501 4479 sed

276 4525 361 4585 gum
382 4487 598 4570 multitudini
627 4493 661 4567 se
688 4490 844 4566 resistere
872 4495 970 4590 poffe
995 4497 1220 4592 desperarent
1247 4497 1380 4573 militer
1403 4497 1500 4594 ejus,

278 4592 590 4703 inJordanernse
616 4590 867 4694 conjecerunt,
911 4610 949 4668 et
976 4590 1128 4671 arando
1155 4614 1238 4671 eum
1272 4592 1506 4772 trajecffit.
