3575 5884
290 1030 361 1169 3⁶⁸.
541 999 549 1013 ο
635 1052 1107 1161 Ιῆβονὶᾳ-Ἐιείἅωβῖεηῑζ
1136 1053 1179 1132 Y.

232 1326 236 1332 ,
291 1239 499 1320 Christianis
525 1237 791 1343 persequendis,
831 1236 965 1313 suerint
999 1239 1081 1337 ipss
1106 1239 1235 1317 adhuc·
1257 1231 1506 1325 ferventiorem

289 1339 344 1415 uti
371 1341 408 1412 in
437 1339 539 1412 novis
566 1337 707 1411 adseclis
739 1339 856 1409 locum
879 1336 1009 1420 habere
1024 1338 1142 1426 solet,
1167 1359 1229 1408 eo
1254 1333 1354 1407 enim
1377 1333 1510 1423 tendit,

289 1437 385 1534 quod
410 1434 564 1509 Christus
591 1453 652 1505 eos
671 1433 763 1529 filios
789 1433 960 1507 Gelasimus
984 1433 1139 1530 adpellet
1156 1453 1241 1526 prae
1267 1427 1463 1504 l'harisaeis.

295 1570 301 1613 ,-
340 1530 372 1629 s.
409 1528 617 1604 DXLVlll.
660 1529 857 1604 Historiam
891 1528 1003 1625 lapsae
1042 1550 1079 1602 et
1105 1530 1284 1623 deJlruilue
1316 1526 1423 1621 Reip.
1450 1525 1515 1620 Juaev

287 1629 409 1703 daicae
433 1647 497 1722 per
522 1625 727 1716 Romanos,
770 1625 813 1699 ad
840 1648 941 1721 quam
964 1648 1098 1723 pergo,
1137 1623 1324 1720 postquam
1351 1645 1416 1720 per
1437 1641 1520 1718 gra·⁸

288 1724 352 1798 ms
378 1739 415 1795 et
439 1718 605 1794 articulos
634 1722 760 1798 ordine
787 1744 1017 1810 enarravero,
1061 1720 1236 1793 nonnullis
1260 1715 1454 1805 obsetvatis
1474 1715 1527 1787 il·

286 1815 448 1900 lustrabo.
499 1814 654 1890 'l'radam
679 1840 756 1890 eam
779 1815 957 1893 succincle
984 1837 1022 1890 et
1038 1815 1256 1902 summatim,
1280 1835 1365 1891 curn
1389 1837 1436 1887 ex
1453 1812 1525 1908 Jo-

284 1914 384 2010 seplr.
419 1913 464 1986 de
491 1913 587 1986 Bello
613 1913 692 2010 Jud.
719 1915 775 1987 vel
800 1936 844 1987 ex
871 1912 1149 2002 recentioribus,
1184 1914 1245 2007 qui
1271 1932 1329 1983 res
1352 1908 1532 2007 Judaicau

285 2009 567 2106 descripserunt,
611 2009 736 2105 quibus
761 2007 937 2084 addendus
963 2007 1015 2081 est
1039 2009 1224 2106 Jungman.
1251 2005 1294 2078 ad
1324 2005 1464 2079 Daniel.
1487 2004 1508 2076 l.
1535 2066 1543 2071 .

287 2109 360 2197 11„
386 2105 489 2180 sacile
515 2102 590 2201 peti
617 2106 746 2200 polita
774 2129 805 2181 1.
830 2103 962 2181 Primus
985 2107 1150 2179 articulus
1175 2121 1337 2198 apertam
1350 2100 1511 2271 lum·

286 2226 366 2280 sum
383 2199 614 2276 rebellionem
631 2222 756 2277 contra
772 2203 952 2275 Romanos
970 2198 1236 2295 eompleilitur,
1291 2220 1333 2270 er
1369 2199 1512 2271 uribun-

286 2300 352 2375 dos
372 2299 531 2385 Zelotas,
559 2296 690 2371 rituum
714 2316 751 2369 et
770 2293 944 2370 libertatis
968 2297 1085 2392 gentis
1101 2293 1239 2369 studius
1282 2316 1380 2384 mos,
1405 2289 1516 2388 Judae

289 2393 460 2483 Galilaei,
482 2392 520 2465 in
536 2389 772 2488 superioribus
788 2392 997 2483 memorati,
1016 2393 1198 2487 sequaces,
1216 2389 1345 2486 quibus
1362 2387 1435 2464 sese
1449 2386 1516 2460 du·

286 2515 368 2568 cem
389 2484 551 2599 praebuit
575 2487 777 2576 Eleazarus,
803 2488 925 2583 templi
949 2484 1167 2584 praefectus,
1193 2484 1379 2574 Ananiae,
1414 2483 1515 2568 cu'us

285 2603 424 2664 mentio
447 2580 559 2658 exstat
582 2579 664 2658 Ati.
692 2582 982 2674 xlt111.,filius‚
1004 2586 1136 2678 juvenis
1158 2583 1280 2656 audaci
1305 2604 1413 2670 amus,
1438 2509 1522 2678 sos:

285 2687 326 2759 B.
355 2684 387 2779 J.
413 2682 460 2756 ll:
492 2701 547 2774 17.
596 2679 811 2769 Menalrem,
837 2679 947 2776 Judae
965 2678 1109 2754 Galilaei
1132 2676 1243 2766 filius,
1284 2675 1349 2750 ese¹
1365 2677 1506 2771 quidem

285 2779 302 2856 i
328 2777 368 2850 srs
393 2796 535 2869 quoque
558 2774 691 2848 socium
713 2777 942 2869 praebuerat,
967 2773 1026 2849 sed
1049 2772 1172 2864 brevi,
1195 2794 1277 2847 cum
1300 2770 1505 2848 insolentius

284 2969 323 3042 n
345 2887 550 3038 sitis?
573 2866 1016 3040 dimititte
1037 2865 1502 3059 dimisistis

417 3015 426 3032 ·
538 3021 546 3037 ·
614 3022 622 3039 ·
934 3020 944 3054 s
1004 3023 1012 3040 ·
1491 3017 1505 3053 r

283 3084 351 3160 pro
369 3058 642 3153 Imperatoribus
658 3061 899 3138 Romanorum
920 3060 1041 3135 offerri
1068 3061 1186 3150 solita,
1213 3059 1309 3135 suasu
1325 3058 1502 3149 Eleazari,

281 3179 328 3231 ne
363 3155 460 3251 cujus
492 3155 708 3250 alienigenae
734 3179 859 3231 munus
892 3176 951 3230 aut
977 3156 1126 3230 hostiam
1156 3153 1384 3252 acciperent,
1418 3154 1506 3243 telle¹

283 3252 355 3352 Jos.
380 3252 402 3327 l.
428 3273 459 3326 c.
510 3272 542 3324 a.
575 3249 718 3324 Sicariis
750 3253 789 3326 in
813 3254 935 3325 urbem
959 3253 1128 3342 admiffis,
1169 3253 1363 3347 Templum
1388 3269 1425 3324 et
1446 3272 1503 3324 ur·

282 3353 366 3437 bem
391 3344 616 3436 inferiorem,
649 3370 734 3421 mox
758 3371 896 3444 quoque
931 3347 1168 3445 superiorem,
1193 3347 1416 3439 invaserunt,
1448 3369 1499 3420 ar·

280 3470 361 3522 cem
393 3444 543 3540 denique
567 3442 761 3519 Antoniam
797 3466 1033 3554 occuparunt,
1073 3441 1500 3541 praesidiariis-militibus

278 3539 452 3620 Romanis
474 3540 517 3614 ad
541 3559 653 3613 turres
677 3538 983 3635 confugientibus,
1014 3557 1100 3614 mox
1129 3537 1236 3617 etiam
1261 3538 1400 3616 castella
1424 3562 1502 3612 mu«

281 3635 469 3723 nitiffima,
510 3638 553 3709 ab
577 3636 724 3709 Herode
760 3633 952 3726 exstrusa,
977 3637 1198 3733 Hippicum,
1237 3636 1438 3713 Phasaelem
1462 3652 1505 3715 et

280 3730 539 3834 Mariamnem,
572 3730 803 3827 praesidiariis
830 3731 999 3806 militibus
1027 3731 1197 3806 Romanis
1221 3731 1293 3804 sese
1323 3731 1397 3805 fide
1420 3731 1503 3806 data·

279 3824 516 3912 uadenubus,
542 3849 665 3900 contra
688 3852 765 3903 eam
790 3827 933 3919 occisis,
958 3850 1111 3924 excepto
1135 3827 1225 3901 duce
1240 3826 1413 3920 Metilio,
1438 3824 1496 3923 qui

278 3926 315 4005 se
355 3919 527 4018 Judaeum
570 3923 648 3995 fore
710 3922 914 4015 romiserut,
964 3925 1075 4022 Regis
1108 3921 1195 4021 Agri
1222 3945 1288 4019 pue
1328 3920 1498 4001 militibus

276 4022 385 4098 otiam
402 4036 488 4126 arce
511 4013 647 4091 Anton.
676 3948 805 4129 lilium
832 4019 1071 4097 concesserant
1103 3947 1293 4118 egreium:
1328 4038 1371 4091 ut
1395 4017 1499 4095 diser·

276 4141 318 4207 τε,
342 4113 449 4188 trudit
475 4109 646 4222 Joseplrtts
667 4113 689 4188 l.
716 4131 777 4190 cit.
825 4118 924 4207 lmo,
956 4116 1050 4212 ipsos
1072 4116 1325 4190 moderatiores
1348 4113 1388 4189 in
1413 4116 1503 4189 urbe

278 4212 450 4321 Judaeos,
478 4228 574 4299 mter¹
587 4226 673 4298 qtios
691 4209 862 4300 Ananias,
882 4209 1072 4291 cuiPaulus
1085 4211 1258 4312 judicium
1273 4210 1345 4287 Dei
1364 4211 1497 4288 deuon·

278 4317 449 4395 flaverat,
476 4305 557 4379 Asi.
583 4301 716 4378 XXlll.
742 4307 898 4380 emedio
915 4306 1132 4384 sustulerunt.
1180 4306 1334 4404 Excepit
1351 4331 1385 4402 3.
1411 4309 1505 4382 haec-

278 4409 380 4493 initia
402 4401 565 4476 terribilis
594 4403 761 4498 Syrorum
787 4421 824 4473 et
846 4402 1060 4501 Judaeorum
1095 4403 1226 4482 collisio
1257 4405 1296 4483 in
1318 4403 1428 4481 variis
1449 4405 1499 4481 lo·

274 4512 355 4609 925,
394 4522 456 4604 per
499 4515 624 4575 totam.
648 4518 805 4589 terram,
844 4496 998 4576 maxime
1034 4499 1224 4579 maritimis
1241 4499 1501 4611 .'Palaestinae,

427 4654 431 4665 .
969 4662 977 4672 ,
1417 4615 1504 4695 quae
