3575 5884
633 1192 639 1201 ·
767 1162 923 1245 Perlodut
944 1162 1067 1248 sexta:
1445 1194 1520 1269 401

279 1355 381 1433 ficut
395 1364 536 1449 parrum
563 1368 661 1420 cornu
683 1340 779 1421 Inter
794 1365 990 1426 memorata
1011 1348 1142 1429 elatum
1165 1352 1234 1429 tria
1259 1345 1446 1428 eradicasse
1461 1352 1516 1433 di·

287 1452 411 1537 citur,
436 1442 482 1518 de
507 1464 578 1539 quo
601 1464 696 1517 mox.

337 1545 373 1645 5.
399 1539 568 1616 CCCCII.
592 1535 793 1613 Lustremos
808 1561 905 1622 nunc
929 1540 1034 1616 oculo
1061 1540 1100 1617 fir
1128 1544 1219 1621 ‘tivo
1244 1543 1514 1637 succeffionem,

290 1662 332 1718 et
349 1640 444 1727 fata,
461 1656 504 1709 ac
520 1631 636 1731 gesta,
656 1657 848 1733 regnorum
868 1635 1062 1736 AEgypti,
1085 1566 1146 1715 Γξιιι
1164 1642 1214 1716 La
1239 1636 1404 1732 idamm‚‘
1416 1641 1512 1715 Dan.

287 1739 357 1818 XI.
381 1729 517 1831 Austri,
557 1748 597 1804 et
620 1731 987 1828 Syro-Macedonum,
1018 1733 1078 1808 seu
1102 1737 1381 1829 Seleucidarum,
1419 1759 1438 1810 a
1465 1734 1513 1812 ud

289 1839 385 1912 Dan.
409 1828 667 1928 Septentrionis,
698 1850 846 1935 quorum
868 1827 1000 1906 arctior
1026 1829 1096 1904 fuit
1120 1831 1164 1906 ad
1191 1836 1359 1931 populum
1385 1759 1512 1930 Jurlze·

290 1956 351 2010 um
388 1921 536 2016 relatio,
577 1938 614 2030 et
643 1922 772 2004 notttia
805 1923 848 1998 ad
880 1922 1098 2001 intellettum
1137 1911 1403 2027 prophetiarum
1437 1930 1512 2002 Da·

288 2023 396 2103 nielis
426 2016 634 2107 neceffarra,
676 2016 833 2129 adeoque
864 2020 1081 2127 nostrifori.
1128 2027 1187 2099 De
1222 2049 1334 2134 regno
1364 2024 1512 2121 Syriaco

286 2140 478 2219 antequam
507 2134 627 2214 agam,
653 2137 766 2220 ‘vana
791 2115 865 2214 ejus
891 2138 1053 2207 nomina,
1091 2119 1203 2218 magis
1234 2120 1393 2196 minusve
1424 2143 1510 2218 pro·

289 2218 390 2321 pria,
417 2214 477 2289 seu
506 2208 727 2307 Symbolrca,
752 2211 875 2307 quibus
897 2210 935 2285 in
951 2214 1064 2286 verbo
1088 2215 1303 2312 Prophetico
1326 2213 1444 2307 venit,
1469 2215 1510 2289 in

314 2310 415 2388 rirnit'
441 2306 547 2381 relate
571 2305 616 2381 ad
641 2304 809 2401 poptuum
835 2306 1027 2402 Judaeum,
1052 2331 1125 2384 non
1150 2313 1210 2386 abs
1233 2338 1272 2387 re
1299 2310 1409 2386 fuerit
1423 2332 1509 2407 pau·

287 2414 344 2491 cis
375 2400 577 2481 exhihuiss‘e.
626 2401 824 2500 Praetersc
845 2407 1018 2477 tentrionis
1046 2427 1195 2504 regnum
1217 2411 1308 2484 Dan.
1335 2407 1422 2495 XL,
1447 2427 1509 2478 cu·

281 2502 346 2605 'jus
379 2496 550 2589 memini,
589 2495 633 2570 ad
660 2495 781 2596 ellatur
813 2423 988 2591 lavatis,
1036 2499 1096 2574 seu
1133 2505 1374 2595 Graecorum,
1416 2500 1508 2598 Joel.

289 2600 363 2678 IV:
389 2603 440 2688 6.,
464 2592 572 2667 Zach.
598 2593 616 2664 1
653 2615 662 2666 :
693 2614 748 2693 13.
833 2618 878 2667 uo
901 2595 1046 2670 nomine
1067 2593 1225 2693 insigniti
1251 2601 1329 2674 sunt
1354 2597 1510 2697 primum

286 2689 524 2777 Athenienses
531 2694 547 2783 ,“
582 2688 779 2786 aJavane‚
838 2688 887 2762 lio
913 2690 1058 2801 Japheti
1084 2693 1297 2786 Gen—X,
1322 2693 1405 2767 dein
1432 2713 1510 2765 om·

282 2817 348 2872 nes
378 2783 533 2889 cneci:
573 2806 644 2895 quo
673 2781 771 2860 sensu
803 2783 1029 2860 orienmlrbus
1060 2786 1213 2862 maxime
1246 2788 1284 2863 in
1320 2789 1380 2863 usu
1415 2785 1507 2879 fuit3

286 2889 436 2965 Barbari
454 2879 570 2969 enim,
595 2891 743 2953 notante
767 2880 848 2955 alibi
875 2879 1067 2957 Seholiaste
1095 2882 1359 2980 Aristophanis,
1385 2907 1509 2959 omnes

287 2989 451 3059 Graecos
463 2994 590 3050 vocant
609 2977 744 3065 I’amt,
769 2975 912 3051 nomina
930 2980 1024 3052 Heb.
1049 2981 1095 3072 ll*
1108 2998 1145 3051 et
1164 2981 1288 3057 Graec.
1306 2981 1370 3053 Ιίν
1386 2982 1509 3059 eadem

289 3080 384 3155 sunt.
429 3068 549 3146 sicet
576 3073 706 3146 Ezeclr.
734 3073 890 3148 XXVII:
920 3099 975 3171 13.
1002 3075 1070 3170 Jes.
1096 3075 1230 3152 LXVI:
1260 3099 1316 3166 19.
1348 3095 1387 3150 et
1411 3078 1506 3154 Dan.

287 3177 338 3251 X:
367 3195 424 3246 20.
443 3168 515 3243 XI:
535 3189 567 3241 2.
592 3167 630 3239 in
646 3166 763 3262 specie
780 3167 952 3268 denique,
970 3189 1008 3242 et
1025 3166 1206 3261 restrille‚
1223 3173 1505 3272 Syro-Macedo·

284 3295 371 3361 nes,
397 3264 450 3340 uti
474 3264 511 3339 in
529 3263 617 3336 Iocis
641 3264 731 3365 Joel,
758 3284 796 3338 et
819 3264 953 3356 Zach.‚
978 3265 1084 3338 modo
1104 3266 1243 3356 citatis,
1269 3286 1306 3341 et
1326 3269 1417 3364 apud
1443 3270 1507 3365 Ju-

283 3369 393 3444 daeos
428 3361 570 3460 palsun,
611 3358 671 3454 qui
694 3383 840 3459 regnum
866 3363 988 3471 Syriae
1021 3361 1192 3457 adpellare
1219 3365 1331 3437 solent
1356 3385 1394 3434 re
1421 3384 1508 3437 uum

288 3464 432 3561 Javao,
456 3455 551 3557 quod
566 3478 698 3528 nomen
712 3456 866 3544 nummi,
892 3481 930 3532 m
949 3457 1153 3532 memoriam
1169 3456 1385 3534 liberationis
1448 3476 1507 3530 ac·

287 3555 449 3639 cabaicae
480 3550 573 3639 culi,
599 3573 737 3662 quoque
761 3552 975 3650 praeferunt.
1024 3552 1131 3721 Ctlp'us
1146 3549 1391 3649 adpellationis
1410 3551 1506 3628 ratio

287 3655 359 3731 sese
384 3650 489 3729 nelle
541 3646 656 3736 rodrt,
690 3673 769 3723 curn
795 3649 998 3723 Seleucidae
1022 3648 1094 3722 see
1117 3647 1209 3724 solos
1233 3647 1427 3723 Alexandri
1443 3649 1504 3727 M.

287 3746 499 3827 success'ores
570 3742 647 3818 beri
678 3745 885 3836 voluerint,
925 3745 1132 3840 illorumque
1166 3742 1343 3842 inperium
1374 3765 1506 3842 poten·

287 3845 452 3928 tilirmum
479 3839 587 3914 fuerit
613 3862 653 3912 ac
680 3842 894 3926 latiffimum,
938 3863 1023 3938 prae
1055 3839 1218 3915 omnibus
1241 3864 1286 3914 ex
1311 3839 1503 3917 Alexandri

291 3963 406 4041 regno
425 3937 532 4028 ortis,
552 3936 596 4010 de
613 3960 682 4033 quo
700 3938 831 4035 postea.
867 3938 1052 4010 Praeterea
1072 3935 1174 4033 regni
1182 3936 1349 4035 Affpriaci
1363 3937 1504 4033 epithe-

286 4058 351 4114 ton
378 4033 486 4110 etiam
519 4031 632 4130 gerit,
675 4037 728 4108 uti
751 4034 821 4133 Jes.
846 4034 911 4108 XI:
942 4037 997 4107 16.
1029 4033 1128 4106 XIX:
1156 4055 1214 4130 23.
1248 4035 1404 4109 XXVII:
1441 4055 1501 4124 13.

275 4132 408 4210 ‘Mich.
435 4132 484 4204 V:
511 4152 544 4221 4.
570 4148 609 4202 et
631 4129 737 4205 Zach.
765 4132 810 4205 X:
840 4152 897 4217 10,
926 4152 982 4204 11.
1033 4129 1132 4226 stylo
1167 4129 1262 4204 enim
1286 4125 1505 4226 prophetico

287 4251 421 4303 nomen
453 4224 572 4320 Assur,
613 4226 706 4325 quod
729 4224 912 4322 proprium
948 4223 1000 4298 est
1023 4224 1124 4321 regni
1149 4222 1319 4324 Affyriaci
1346 4224 1503 4315 veteris,

286 4326 330 4400 ad
354 4347 396 4397 ea
421 4320 618 4396 denotanda
649 4344 756 4417 regna
781 4319 1003 4410 transfertur,
1037 4344 1125 4421 quae
1150 4323 1216 4395 illis
1232 4320 1270 4392 in
1295 4316 1502 4413 regionibus

282 4418 404 4592 ppstea
427 4417 506 4499 sunt
530 4416 695 4509 condita,
719 4436 759 4490 ut
784 4417 1051 4513 Babylonicum,
1077 4417 1268 4497 Perficum3
1294 4410 1343 4487 ita
1369 4434 1408 4487 ut
1426 4412 1504 4506 ipse

324 4514 415 4588 arius
436 4514 573 4588 dicatur
601 4539 666 4588 rex
696 4513 799 4589 Allur
828 4516 907 4590 Ezr.
933 4515 1001 4589 VI:
1029 4536 1096 4597 aa,
1137 4507 1217 4581 deni
1245 4529 1287 4580 ue
1313 4509 1503 4607 syro-Ma·

284 4607 519 4700 codonium,
561 4611 659 4714 eujus
683 4611 792 4692 etiam
823 4612 936 4712 prima
967 4608 1064 4684 sedes
1088 4603 1160 4687 fuit
1183 4531 1358 4702 Balronn,
1392 4605 1504 4702 quod-

332 4704 423 4791 ·Tm.
447 4709 501 4790 ΙΙ.
873 4705 964 4783 Eee
1202 4757 1206 4765 ·
1438 4722 1510 4807 quo
