3575 5884
280 1140 352 1215 204
618 1117 762 1219 {istoria
787 1102 1017 1219 accrestastna
1040 1122 1083 1198 Vt
1113 1117 1153 1194 T.

281 1299 327 1374 tis
344 1295 532 1395 temporis,
549 1295 603 1368 uti
620 1295 833 1393 injustitiae,
851 1297 1038 1393 avaritiae,
1055 1321 1093 1375 et
1111 1298 1393 1398 oppreffionum,
1410 1320 1484 1373 cum

278 1384 467 1469 securitate
489 1393 635 1482 carnali,
660 1393 788 1490 partim
813 1393 850 1467 in
874 1394 1020 1503 pseudo·
1047 1397 1271 1493 rophetarum
1295 1393 1484 1506 promiffia,

326 1490 409 1585 ,tim
432 1489 470 1561 in
492 1487 564 1561 Dei
591 1488 911 1564 inhabitationem
937 1491 1055 1567 mecho
1083 1493 1205 1590 populi
1232 1497 1368 1589 pohta,
1406 1512 1485 1564 con·

295 1583 595 1674 andia5-omnium
614 1604 842 1681 exponuntur
859 1587 989 1676 oculis,
1015 1608 1052 1660 et
1070 1587 1376 1686 perstringuntur,
1394 1585 1484 1658 nullo

277 1611 461 1755 bominum
480 1677 625 1770 ordine,
651 1684 861 1771 Procerum,
881 1682 1129 1773 Sacerdotum,
1155 1703 1192 1756 et
1209 1681 1485 1777 Prophetarum,

278 1773 542 1872 praetermiffo,
586 1776 639 1848 uti
663 1798 738 1871 cap.
774 1776 823 1864 11,
855 1777 926 1865 ΙΙΙ,
958 1779 1138 1867 v1,V11.
1172 1778 1267 1851 simu]
1294 1775 1487 1873 gravissirm

278 1870 422 1967 quaevis
448 1870 518 1943 Dei
542 1868 695 1964 judicia,
721 1868 759 1944 in
786 1872 931 1944 totalem
955 1871 1043 1970 reip.
1071 1872 1344 1951 destruitionem
1371 1871 1484 1947 exitu·

277 1988 338 2057 ra,
364 1965 493 2063 ubique
511 1965 721 2063 prophetice
746 1966 1011 2042 denunciantur.
1058 1969 1138 2042 Hae
1160 1987 1278 2042 autem
1303 1965 1394 2041 duae
1411 1989 1485 2063 patr

277 2082 353 2153 tes,
380 2061 644 2158 reprehensoria
667 2079 705 2134 et
725 2060 978 2153 consolatoria,
1002 2062 1121 2161 peffim
1146 2061 1212 2137 sibi.
1233 2060 1484 2153 inmiscentur,

276 2158 330 2235 ita
356 2179 397 2232 ut
420 2157 593 2256 posterior
617 2156 728 2253 priori
754 2157 998 2255 subjungatur,
1031 2178 1068 2233 et
1096 2159 1225 2233 concio
1253 2155 1486 2243 eleneicajin

305 2253 488 2329 aracletica
523 2251 775 2347 utplurimum
810 2253 1041 2342 terminetur,
1080 2273 1120 2328 ut
1147 2277 1223 2348 cap.
1255 2253 1305 2341 11,
1338 2252 1411 2343 IV,
1437 2254 1485 2343 V,

277 2280 366 2425 illl.
413 2348 528 2441 Quem
554 2344 713 2418 ordinem
739 2347 935 2442 prophetae
960 2348 1080 2443 paffim
1105 2367 1315 2438 tenuerunt,
1349 2344 1390 2423 in
1416 2345 1484 2445 pti·

275 2443 346 2519 rnis
370 2442 515 2535 Jesaias,
540 2462 644 2537 quem
672 2438 802 2515 Micha
825 2439 956 2515 imitari
982 2442 1079 2516 solet.
1427 2512 1430 2523 ,

280 2571 283 2577 ·
323 2537 355 2637 8.
380 2536 784 2625 ccV111.smtvero‚
808 2558 950 2610 exmea
966 2534 1156 2630 sententia,
1183 2555 1254 2613 tres
1271 2534 1486 2625 conciones,

274 2630 465 2710 secundum
497 2655 581 2730 quas
601 2629 686 2708 libri
710 2630 853 2729 anaiyfia
884 2629 937 2705 est
961 2629 1182 2709 instituenda
1229 2633 1346 2715 Prr'm
1366 2653 1444 2731 cap.
1466 2630 1486 2715 Ι

275 2749 316 2805 et
340 2729 386 2802 ΙΙ.
412 2728 637 2817 continetur,
662 2750 763 2817 cum,
791 2727 885 2823 quod
901 2726 972 2803 duo
986 2725 1055 2801 'illa
1072 2729 1209 2826 capita,
1233 2727 1304 2802 fine
1324 2725 1399 2817 ullo
1418 2746 1483 2799 no

275 2846 328 2900 νο
353 2823 537 2897 concionis
565 2822 721 2913 indicio,
744 2821 950 2914 decurrant,
974 2841 1079 2921 caput
1106 2848 1195 2898 vero
1210 2825 1347 2905 Hltiunt
1374 2838 1487 2903 norae

274 2917 452 3020 praeferat
469 2938 609 3006 notam,
634 2939 674 2992 ut
688 2941 773 2991 mox
793 2917 951 3013 patebit,
975 2938 1074 3009 tum,
1090 2918 1186 3019 quod
1202 2915 1403 3015 promiffio,
1421 2934 1487 3013 qm

272 3011 468 3088 ¹conciones
495 3011 685 3087 eleueticae
707 3013 819 3088 sorem
845 3012 962 3103 finiri,
995 3013 1032 3086 in
1056 3014 1116 3089 fin.
1141 3037 1216 3109 cap.
1240 3015 1288 3095 ΙΙ.
1313 3029 1488 3095 occurrat.

273 3109 426 3184 Secunda
454 3107 584 3179 concio
609 3106 692 3182 inde
717 3106 890 3205 usquead
919 3106 1045 3214 capitia
1068 3108 1117 3184 V.
1143 3109 1250 3182 finem
1272 3105 1345 3181 sese
1372 3104 1487 3205 porri«,

302 3202 351 3294 it,
376 3224 457 3275 cum
473 3224 546 3274 uno
563 3200 643 3293 filo,
668 3221 706 3276 et
720 3226 792 3277 uno
816 3202 908 3301 quasi
926 3200 1071 3300 spiritu,
1099 3202 1217 3283 omnia
1240 3199 1489 3295 effhhdffltfflr

266 3228 350 3376 «ime
373 3297 508 3372 interro·
534 3293 654 3388 tione,
668 3298 674 3309 '
688 3318 727 3371 et
752 3320 867 3372 novae
893 3297 1076 3373 concionis
1097 3296 1253 3388 indicio,
1274 3292 1382 3395 ¹quod
1409 3304 1488 3394 cap:

276 3397 348 3475 Vl:
378 3420 409 3470 1.
433 3393 472 3468 in
507 3394 658 3484 ormula,
683 3394 792 3465 audite
817 3393 1169 3491 quoefi1v05.illi,qui
1193 3419 1254 3469 non
1269 3388 1487 3487 audiveram

272 3493 364 3605 (hae
387 3490 483 3565 enim
508 3511 636 3581 vocet,
668 3510 774 3583 prava
794 3487 951 3597 capitum
975 3487 1147 3597 divisrone
1174 3486 1368 3594 semustae,
1400 3506 1488 3565 con*

273 3585 473 3762 iiiviriitiii
486 3581 1391 3783 rbusiriaiioniiiehhindriiiobhircobaeiiiiipiiitibtaiiiii,
1403 3581 1488 3753 siiiif

273 3777 360 3861 bus,
384 3772 468 3852 saltu
493 3775 707 3881 retrogado,
732 3773 828 3848 filum
853 3775 1059 3863 rciitmrtur,
1083 3793 1121 3847 et
1146 3798 1240 3848 nova
1261 3773 1355 3863 fata,
1431 3772 1484 3857 es·,

272 3869 360 3946 fram
383 3865 646 3959 antecedentia,
684 3890 745 3942 aut
774 3867 894 3943 eadem
924 3866 1027 3942 novis
1053 3868 1258 3965 phrafibus,
1291 3867 1339 3942 ob
1363 3867 1488 3943 oculos

274 3979 475 4066 ponuntur,
515 3962 623 4058 qualis
657 3962 757 4058 prior
785 3962 953 4040 resumtio
985 3962 1056 4053 est,
1096 3964 1227 4041 avers.
1253 3969 1287 4051 6.Ι
1313 3985 1354 4036 ca
1380 3962 1486 4041 .1v-.

273 4063 382 4157 usquc
404 4055 449 4155 ad
471 4057 560 4132 vers.
583 4076 678 4149 mum
701 4081 740 4132 ca
768 4116 776 4131 .
803 4062 875 4150 V.,
901 4058 992 4133 unde
1014 4060 1123 4134 altera
1144 4060 1217 4135 inei
1243 4057 1291 4150 it,
1315 4080 1422 4156 uque
1437 4056 1483 4133 ad

273 4158 385 4230 -finem
408 4174 483 4248 cap.
509 4152 559 4226 V.
612 4152 723 4226 Tertia
741 4084 893 4226 babetur
916 4177 991 4248 cap.
1017 4155 1074 4227 Vl
1097 4174 1134 4228 et
1157 4158 1195 4230 V
1233 4209 1242 4227 .
1275 4172 1313 4239 ut
1338 4151 1486 4248 eaedem

270 4266 402 4335 notae,
428 4245 548 4319 ethic
572 4245 795 4335 observatae,
821 4245 988 4323 indicant.

322 4342 353 4445 Ι.
380 4344 500 4417 CCIX.
526 4341 629 4416 Stilus
652 4339 704 4415 est
727 4364 800 4415 non
822 4340 974 4436 vulgaris
998 4360 1036 4416 et
1061 4338 1221 4432 humilis,
1247 4339 1306 4417 sed
1330 4341 1402 4416 viri
1416 4348 1483 4417 ait·

273 4458 348 4518 true
371 4454 403 4543 tt
416 4438 538 4535 spiritu
559 4440 665 4547 pleni,
690 4454 737 4511 ut.
754 4435 798 4509 de
820 4435 870 4521 se¹
884 4436 992 4510 tradit
1014 4461 1047 4515 c.
1072 4439 1137 4523 111:
1164 4443 1197 4546 8
1213 4436 1283 4612 lgni
1307 4437 1422 4611 quod,
1449 4438 1487 4513 in

276 4532 419 4641 ecitasrn
439 4534 532 4635 quast
555 4553 691 4639 raptus,
718 4557 740 4614 a
763 4534 846 4614 Deo
869 4553 1075 4637 acceperat,
1106 4553 1214 4634 copto
1228 4556 1270 4629 e,
1303 4551 1486 4634 eeganter

269 4678 272 4685 ·
1453 4643 1491 4702 et
