3575 5884
239 589 1610 934 -ι-

696 1152 726 1161 ”
757 1150 912 1241 Perlodrs'
935 1148 1053 1230 Sexto.
1088 1156 1090 1161 ’
1153 1212 1158 1219 .
1429 1174 1512 1253 (49

283 1328 586 1425 scriblnrmcd.
610 1333 682 1415 sic.
706 1356 754 1433 qu
801 1356 847 1409 ue
869 1332 993 1431 Eclog,
1017 1335 1040 1407 l.
1068 1352 1124 1427 34.
1150 1330 1222 1407 adti
1250 1331 1301 1423 ἐ,
1326 1331 1384 1410 sed
1408 1355 1509 1413 autor

280 1458 310 1509 2
329 1433 495 1508 Maccab.
522 1432 572 1505 V:
602 1454 714 1506 tr.·-
745 1429 795 1503 dil
814 1428 942 1503 ‘nutus
967 1427 1123 1502 tradidit.
1172 1428 1343 1539 Joephus
1366 1430 1404 1505 in
1428 1456 1505 1506 nar·

282 1530 430 1603 ratione
457 1526 690 1614 adflictionis,
716 1543 757 1598 ut
770 1523 982 1621 adpellatur,
1005 1523 1246 1621 Epiphanrcae
1265 1524 1333 1598 sibi
1347 1525 1506 1603 constare

280 1646 365 1701 'mon
389 1623 555 1712 videtur,
579 1623 663 1695 dum
689 1622 758 1693 alio
780 1621 861 1694 loco
882 1618 970 1694 Aut.
996 1620 1077 1705 Xll,
1104 1618 1386 1718 Hierosolymam
1413 1627 1503 1713 dolo,

289 1722 367 1794 sme
389 1718 514 1807 armis,
546 1715 649 1791 suille
676 1738 718 1790 ca
742 1733 834 1806 tam,
874 1714 943 1789 alio
967 1736 1054 1788 vero
1078 1715 1123 1787 de
1155 1717 1192 1787 B.
1227 1718 1305 1813 Jud.
1340 1720 1367 1792 1.
1400 1722 1432 1791 vi
1466 1718 1511 1809 id,

280 1816 363 1893 elle
384 1810 666 1887 fatrum'tradie:
706 1809 766 1885 led
794 1809 867 1909 ipse
891 1828 1042 1921 utroque
1081 1809 1119 1882 in
1144 1810 1225 1883 loco
1250 1812 1430 1907 duplicem
1451 1812 1504 1887 in·

285 1908 514 1987 sellarionem
548 1905 788 2005 pemriscuit3·
816 1924 856 1979 ut
882 1905 983 2002 supra
1007 1905 1205 1978 observavi.
1254 1910 1388 1981 Primus
1417 1912 1506 1983 uero

279 2009 379 2084 liber
405 2005 569 2077 Maceala
597 2002 750 2076 dolosam
782 2000 970 2074 confirmat
1006 1999 1296 2095 occupationem,
1338 2002 1395 2077 sud
1427 2029 1505 2078 eam

279 2125 363 2177 non
380 2096 590 2183 Antiocho,
614 2120 739 2181 verum
756 2095 860 2183 duci,
879 2097 920 2168 ab
939 2118 984 2167 co
999 2096 1119 2183 millo,
1139 2094 1317 2172 adtribuit.
1366 2098 1505 2175 Verum

284 2215 393 2273 autor
421 2195 528 2269 solius
551 2193 664 2266 Ducis
688 2188 969 2279 infestationem,
1029 2191 1081 2264 ost
1103 2191 1277 2282 secutam,
1309 2213 1505 2287 memorat,

289 2314 331 2367 et
356 2292 449 2365 hanc
477 2286 583 2397 ipsius
611 2284 805 2374 Antiochi,
838 2283 992 2361 nuncfr
1092 2340 1102 2376 ,
1142 2309 1223 2361 curn
1248 2286 1388 2385 priore,
1422 2292 1505 2362 anre

283 2386 470 2499 biennium
493 2380 674 2472 instituta,
696 2377 922 2490 permiscuit,
947 2398 985 2453 et
1012 2382 1246 2479 praecedente
1271 2386 1425 2494 narravit
1442 2384 1503 2481 pe'f·

287 2478 1507 2680 thilmhltlldlhlhllahhasslmlhiltrih}

284 2674 396 2767 idque
427 2666 592 2744 distincte
623 2686 661 2741 et
698 2690 740 2740 or
778 2689 843 2756 ne,
886 2688 1006 2767 priore
1040 2685 1184 2760 inpetu,
1228 2692 1308 2744 ann.
1342 2694 1408 2765 143
1434 2691 1506 2744 aer.

282 2770 357 2841 Sel.
384 2765 500 2853 fauo,
533 2762 672 2837 filentio
696 2763 871 2836 involuto,
922 2763 999 2932 (ffua
1025 2762 1162 2845 ratione
1186 2761 1419 2864 discrepantia
1446 2789 1505 2840 au·

279 2884 408 2937 torum
433 2861 570 2932 illorum
594 2858 698 2931 facile
721 2855 883 2933 emedio
908 2875 947 2930 to
961 2855 1054 2930 litur.

278 3000 281 3005 -
349 2959 373 3030 “.
407 2955 635 3028 CCCCXLll.
676 2951 801 3048 Arsam
830 2951 936 3047 hujus
967 2949 1136 3025 secundae
1166 2954 1418 3047 infestationis,
1461 2958 1504 3041 ab

293 3054 377 3146 iplo
396 3045 598 3141 Antiocho,
620 3049 798 3144 AEgypto
820 3068 884 3144 per
903 3048 1083 3121 Romanos
1108 3051 1275 3144 expulso,
1301 3052 1502 3147 institutae,

281 3144 595 3320 Attulit
614 3143 830 3312 Alth
844 3164 1045 3333 ela‘filln’e
1072 3147 1314 3316 tttlhhl
1347 3148 1506 3317 ltili

282 3340 352 3437 ¹ano
376 3334 571 3410 sacerdotio
597 3265 880 3422 decertantibus,
924 3329 1101 3423 lirscitati,
1142 3336 1300 3410 Menelai
1316 3300 1507 3428 'faciionm

281 3433 421 3533 partim
445 3454 526 3504 arce
547 3428 697 3536 inclusa,
723 3425 851 3524 partim
873 3426 1014 3525 fugata,
1047 3451 1135 3523 quae
1161 3427 1233 3523 ipsa
1258 3434 1304 3504 ad
1330 3431 1425 3503 hunc
1451 3433 1504 3505 irr-

317 3549 412 3603 etum
443 3525 615 3603 excitavit
642 3524 886 3612 Antiochum,
912 3543 951 3595 ut
976 3548 1021 3599 ex
1046 3527 1204 3598 aMacc.
1231 3528 1280 3599 V:
1306 3549 1340 3615 5.
1366 3542 1507 3604 etc..a'c

279 3554 449 3724 iosepho
480 3625 518 3711 Β.
544 3618 623 3717 Jud.
649 3621 670 3694 l.
696 3622 725 3694 l.
749 3637 787 3693 et
809 3618 897 3691 Ant.
925 3618 1006 3692 XII:
1034 3628 1067 3707 ’5,
1100 3620 1215 3693 secum
1244 3619 1397 3712 collatis,
1433 3627 1505 3711 col·

289 3720 355 3818 ligi
378 3717 506 3814 potest.
554 3715 713 3789 Menelai
730 3712 839 3809 partis
856 3714 1058 3799 nonnullos,
1082 3715 1168 3786 urbe
1193 3715 1344 3811 ejetlos,
1368 3719 1413 3793 ad
1429 3716 1503 3795 An·

279 3815 453 3899 tiochum
485 3813 521 3884 se
552 3809 742 3906 recepillc,
785 3827 823 3882 et
848 3832 929 3883 eum
955 3807 1122 3903 'inpulillc
1153 3810 1194 3885 ad
1221 3812 1505 3912 Hierosolymam

290 3913 329 3990 in
363 3903 523 3982 ordinem
555 3906 809 4003 redigendam,
852 3927 932 3981 curn
972 3903 1159 3979 multitudo
1197 3905 1333 3984 faveret
1368 3911 1504 4003 Iasoni,

283 4002 484 4085 memoriae
509 4002 665 4098 prodidit
689 4000 887 4107 Josephuae'
920 4000 1005 4073 Hoc
1039 4019 1226 4097 praetextu
1249 3991 1499 4100 auide‘arrep-

281 4126 355 4194 no,
398 4122 478 4175 curn
497 4098 568 4193 jam
591 4116 692 4171 antea
717 4096 788 4171 hoc
813 4095 925 4190 rpsum
949 4094 1067 4169 animo
1093 4098 1276 4192 volvi-sset,
1312 4099 1413 4174 teste.
1432 4102 1499 4193 los

288 4204 335 4279 de
359 4199 400 4270 B.
428 4192 528 4285 Jud.,
562 4193 760 4279 Antiochus
783 4189 908 4271 movit,
923 4191 1204 4290 Hierosolymam
1229 4196 1366 4285 versus,
1407 4178 1500 4272 earn

339 4318 360 4369 e
382 4287 569 4373 obsessam,
611 4308 648 4362 et
671 4307 934 4383 oppugnatam,
953 4303 958 4313 ·
977 4302 1241 4388 armata‘manu
1272 4294 1502 4389 expugnatio

357 4407 476 4469 eterea
500 4383 642 4460 tradidit
670 4407 745 4457 eam
780 4383 951 4459 militibus
979 4384 1230 4480 diripiendam,
1271 4387 1398 4461 multos
1420 4386 1500 4462 ncci

263 4484 412 4571 ¹(ledit,
444 4483 503 4555 vel
527 4480 708 4556 vendidit:
752 4486 798 4559 80
822 4480 929 4557 millia
962 4480 1067 4555 tridui
1095 4481 1205 4575 spatio
1236 4476 1337 4554 fuisse
1370 4480 1500 4579 partim

287 4576 486 4661 trucidata,
529 4577 659 4676 partim
679 4575 898 4665 venundata,
930 4577 1123 4659 traditura
1143 4574 1262 4667 Mace.
1292 4577 1340 4654 V.
1387 4577 1507 4673 Denif,

279 4696 300 4755 t.
339 4670 432 4756 Tm.
456 4670 509 4751 ΙΙ,
675 4668 684 4683 ”
893 4664 965 4746 Lll
1435 4692 1504 4771 que
