3575 5884
288 1122 365 1217 sod
634 1119 785 1222 institit·
800 1117 1034 1222 Ecclesiastico
1050 1108 1098 1198 Y.
1127 1119 1168 1196 T.

290 1321 411 1381 tamen
434 1294 512 1381 lain'
537 1296 651 1378 ''eate'
670 1320 714 1372 ac
738 1299 914 1394 feliciter,
939 1302 1050 1402 'quam
1075 1303 1242 1394 volebit,
1265 1310 1300 1379 tl
1325 1301 1399 1379 libi
1417 1310 1512 1402 pro-T·

292 1403 446 1478 miserat.
493 1404 596 1475 chet
612 1397 708 1472 enirn
731 1421 787 1471 ret
805 1399 1016 1495 ludaeorum
1040 1400 1154 1473 adhuc
1181 1399 1221 1473 in
1238 1397 1327 1473 statu
1349 1400 1506 1498 inopem

293 1498 549 1586 sevemverint,
590 1518 632 1568 ac
657 1494 874 1590 aliquatenus
906 1494 1110 1586 domerint,
1150 1518 1216 1592 per
1249 1494 1361 1591 ipsam
1386 1516 1506 1573 tamen

292 1590 481 1670 Pharisaeis
502 1589 607 1664 nimis
632 1591 846 1680 obnoxiam,
879 1592 992 1691 magia
1016 1589 1096 1688 post
1119 1590 1249 1702 ipssm,
1282 1609 1325 1665 ut
1346 1591 1505 1668 observat

292 1690 363 1787 Jos.
388 1691 472 1762 Ant.
499 1688 601 1761 Xlll.
630 1711 661 1763 c.
692 1694 747 1760 16.
771 1686 890 1762 omnia
916 1705 1110 1785 coeperunt
1133 1708 1171 1760 ιιι
1198 1686 1357 1761 deterius
1381 1712 1503 1787 verge-

289 1806 340 1860 re.
389 1784 470 1856 Fuit
496 1802 638 1871 autem,
664 1780 751 1857 ficut
776 1783 944 1880 regnandi
970 1781 1116 1878 cupida,
1139 1782 1190 1855 ita
1214 1780 1338 1855 animo
1363 1783 1409 1857 ad
1428 1808 1507 1882 reg·

289 1878 442 1955 nandum
466 1904 486 1953 a
513 1898 572 1968 to,
599 1878 649 1952 ita
673 1898 812 1965 tamen,
839 1898 878 1950 ut
902 1878 1009 1951 modo
1037 1874 1217 1973 inperioso
1239 1876 1501 1971 dominaretur,

289 1996 358 2051 nec
383 1975 478 2049 hone
510 1976 520 1992 ⁶
545 1998 614 2067 nec
632 1972 715 2069 justi
742 1973 904 2046 habuerit
922 1971 1112 2060 rationem,
1139 1993 1178 2047 ut
1200 1970 1274 2067 Jos.
1298 1971 1321 2047 l.
1348 1972 1412 2050 cit.
1437 1995 1502 2048 tra·

289 2068 356 2149 dit.
401 2073 568 2146 Cetemm
590 2068 712 2166 regina
736 2070 959 2158 SALOME,
998 2068 1107 2142 etiam
1129 2069 1326 2144 Alexandra
1356 2069 1500 2169 adpella-

287 2186 346 2259 ta,
367 2191 453 2243 non
479 2170 568 2256 fuit,
611 2182 650 2238 ut
675 2182 839 2274 putatur,
880 2164 987 2238 vidua
1013 2187 1152 2275 quoque
1176 2161 1394 2256 Aristobuli,
1433 2166 1507 2251 acl'r¹

290 2266 493 2342 'allexander
514 2261 630 2337 fratris
654 2259 796 2334 viduam
818 2259 991 2348 duxiliet,
1032 2278 1072 2333 ut
1090 2280 1164 2355 -Jatn
1187 2278 1399 2357 occupatum
1425 2263 1499 2338 est:

287 2362 478 2459 Hyrcanos
512 2359 627 2444 enirn,
667 2356 758 2428 filius
783 2355 926 2450 Jannaei
962 2373 1000 2427 et
1024 2352 1265 2443 Alexandtae,
1314 2356 1387 2452 jam
1416 2377 1497 2440 ante

288 2455 481 2535 aristobuli
503 2470 653 2528 mortem
670 2468 772 2523 natus
793 2448 881 2522 fuit:
906 2448 1035 2522 erroris
1058 2449 1175 2523 ansam
1195 2452 1382 2546 praebuit,
1407 2453 1503 2551 quod

288 2550 480 2633 ll'ristobuli
506 2572 597 2623 uror
621 2566 761 2645 qnoque
789 2566 920 2620 nomen
944 2546 1162 2643 Alexandr-ne
1188 2544 1322 2622 tulerit.
1439 2618 1442 2625 .

292 2662 309 2703 ·'
334 2650 367 2753 ς.
392 2642 710 2724 cccclxxxix.
734 2639 935 2740 Tranquille
951 2638 1121 2715 ininitiis
1141 2638 1402 2719 adminiſtravit
1419 2666 1503 2743 reg·

286 2754 393 2835 lium,
422 2741 585 2843 'quamdin
618 2738 787 2836 postulata
809 2735 1069 2812 Pharifaeorum
1088 2738 1183 2811 intra
1209 2736 1343 2815 limitet
1368 2740 1498 2837 aliquot

286 2843 364 2918 sese
388 2839 658 2920 continuerunt,
684 2849 720 2904 et
747 2832 940 2907 tolerabilia
962 2850 1081 2921 erant3
1114 2833 1266 2922 seilicet,
1292 2836 1498 2925 revocanda

284 2936 355 3013 elle
379 2933 540 3005 mandata
565 2927 724 3028 Hyrcani
751 2946 788 3000 et
812 2926 958 3022 Jannaei
986 2948 1108 3002 contra
1134 2927 1438 3022 Pharisacismuln,
1460 2952 1500 3005 et

285 3033 362 3128 ejus
386 3026 615 3115 traditiones,
639 3025 778 3099 veniam
801 3025 1061 3098 commillorunr
1082 3024 1242 3099 factionis
1265 3027 1347 3099 suae
1376 3047 1503 3102 contra

283 3127 494 3227 Jannaeum,
529 3146 608 3197 cum
635 3123 926 3192 incarceratorum
950 3119 1178 3209 liberatione,
1211 3122 1497 3213 concedendam,

283 3240 325 3299 et
350 3219 502 3315 denique
526 3218 646 3291 exules
668 3237 790 3287 ornnes
813 3215 882 3288 effe
906 3214 1146 3306 reducendos,
1171 3233 1208 3290 et
1233 3216 1500 3312 polleffionibnc

284 3319 357 3396 suit
388 3315 630 3390 restituendos.
679 3309 815 3412 Quibus
850 3307 1016 3384 omnibus
1043 3311 1249 3407 inpetratis,
1292 3312 1497 3389 Plrarisaeis·

282 3440 365 3494 mua
397 3413 547 3489 maxime
573 3406 722 3495 crevit,
765 3423 802 3475 et
833 3403 1028 3479 Pharisaica
1058 3407 1165 3482 factio
1196 3408 1303 3502 longe
1340 3409 1494 3507 superior

284 3511 416 3601 evasit,
450 3531 487 3582 et
515 3501 716 3602 potentior,
748 3500 796 3572 ita
823 3519 863 3573 ut
892 3524 998 3574 nemo
1022 3503 1056 3575 ei
1079 3501 1233 3575 resistere
1254 3507 1404 3600 amplius
1431 3531 1493 3603 po·

282 3604 404 3679 tuerit.
454 3607 590 3676 Verum
620 3620 720 3684 cum,
747 3595 842 3669 hisce
865 3598 1020 3671 nondum
1045 3599 1226 3689 contenti,
1262 3601 1452 3698 exegerint
1475 3626 1495 3677 a

279 3699 426 3798 regina,
452 3717 491 3770 ut
516 3717 654 3779 omnes,
680 3693 739 3790 qui
765 3694 920 3789 Jannaeo
946 3693 983 3765 in
1010 3693 1196 3768 severitate
1221 3697 1421 3771 exercenda
1437 3698 1496 3772 ad-

282 3797 442 3879 fuerant,
468 3810 506 3864 et
533 3814 615 3865 enm
638 3788 891 3878 incitaverant,
916 3787 1181 3884 detegerentur,
1209 3809 1246 3861 et
1262 3791 1494 3886 punirentur,

284 3912 354 3967 nec
378 3887 538 3982 Regina,
563 3911 665 3984 quarn
692 3887 802 3960 aliena
828 3888 870 3959 ab
894 3885 967 3957 hoc
990 3885 1183 3981 postulato,
1211 3884 1254 3957 iis
1278 3888 1409 3983 aliquid
1435 3913 1493 3963 ne·

286 4011 369 4084 gare
393 3985 556 4069 auderet,
598 4009 677 4057 cunr
710 3981 905 4056 dominitun
933 3983 1004 4078 jam
1036 3981 1074 4054 in
1105 3978 1264 4054 nra-nibus
1300 3983 1492 4074 haberent3

282 4083 407 4156 nmnia
432 4098 626 4175 coeperunt
663 4080 698 4151 in
725 4101 836 4174 regno
857 4079 1066 4174 perturbari.
1112 4080 1235 4149 Morte
1261 4078 1357 4152 enim
1383 4083 1424 4153 ab
1451 4106 1495 4156 eo

172 4192 176 4197 '
280 4186 451 4270 'tempore
476 4173 590 4273 puniti
625 4173 703 4243 sunt
725 4194 866 4259 omnes,
902 4173 973 4244 five
1000 4197 1085 4244 vere
1116 4173 1186 4245 srue
1213 4172 1294 4244 falso
1318 4176 1498 4268 accusari,

278 4290 459 4367 quotquot
483 4269 545 4345 fibi
568 4267 737 4342 adversari
762 4271 906 4363 putabat
936 4267 1024 4339 haec
1054 4268 1180 4359 sufflo,
1221 4266 1329 4340 initio
1351 4270 1446 4345 fallo
1475 4298 1496 4348 a

278 4367 472 4462 Diogene,
499 4390 570 4439 uno
593 4362 789 4460 principum
814 4362 929 4434 seclae
954 4362 1253 4452 Sadducaeorum,
1280 4383 1317 4437 et
1344 4366 1499 4459 Jannaei

279 4462 411 4540 intimo
427 4462 543 4532 amico
559 4456 812 4533 aeconsrliario.
847 4457 946 4554 Quae
964 4458 1129 4531 terribilis
1145 4461 1366 4554 persecutio,
1386 4488 1492 4559 quam

273 4561 419 4665 ingrate
442 4546 627 4657 Reginae,
651 4555 710 4632 sed
732 4555 775 4630 ab
800 4550 874 4652 ipsa
902 4552 1068 4644 tolerata,
1092 4577 1138 4628 ne
1165 4553 1309 4656 antiqua
1333 4557 1391 4644 illa¹
1415 4562 1493 4647 sce·¹

273 4702 280 4713 ·
1444 4679 1494 4731 na
