3575 5884
274 1119 348 1213 380
443 1138 446 1143 “
615 1106 761 1207 Institi«
783 1104 1022 1209 Ecclafiaflica
1042 1106 1084 1184 V.
1113 1103 1152 1180 T.
1217 1162 1219 1167 .
1320 1099 1322 1103 ⁴

276 1312 447 1390 regnum,
472 1289 569 1377 fimul
583 1288 679 1365 omni
699 1310 799 1384 parte
817 1286 1017 1380 innocens,
1040 1289 1225 1367 deleretur.
1273 1282 1361 1387 Quo
1376 1281 1499 1361 audito

276 1409 363 1479 rex,
388 1410 490 1479 cum,
514 1389 707 1463 Hannonem
723 1387 800 1481 ejus
814 1384 1226 1474 scelerisautoremelse,
1248 1380 1499 1470 intellexisset,

278 1481 332 1557 ira
350 1501 506 1573 tumens,
530 1507 551 1557 e
570 1480 727 1556 triclinio
755 1481 793 1554 in
807 1479 954 1558 hortum
971 1480 1141 1570 discesit,
1164 1480 1308 1554 Haman
1323 1478 1374 1562 ad¹
1384 1499 1501 1576 genua

277 1577 432 1654 Estheris
458 1579 495 1651 in
519 1577 612 1652 lesto
637 1579 845 1674 provolutus
870 1577 943 1670 est,
969 1596 1009 1651 ut
1033 1575 1175 1651 veniam
1191 1573 1411 1671 inploraret3
1436 1594 1499 1644 rex

278 1697 325 1748 eo
346 1672 381 1743 in
405 1671 494 1746 statu
521 1695 602 1747 eum
624 1672 915 1769 deprehendens,
940 1697 982 1747 ac
1008 1697 1076 1771 pro
1100 1672 1274 1746 violatore
1301 1666 1499 1767 pudicitiae

277 1767 419 1934 rcffinae
442 1768 594 1859 habens,
637 1772 792 1864 adeoque
819 1769 1019 1865 Majestatis
1041 1793 1126 1857 reo,
1162 1765 1342 1864 (reginam
1390 1763 1498 1861 uipe

275 1887 322 1937 ve
360 1862 508 1958 propius
543 1865 637 1938 adite
670 1866 817 1960 capitale
844 1884 921 1937 erat
952 1863 1043 1962 apud
1066 1859 1199 1959 Persas)
1232 1887 1319 1936 mox
1346 1792 1392 1936 ad
1430 1884 1493 1956 up-

303 1957 422 2032 licium
458 1960 580 2034 mortis
616 1962 886 2052 condemnavit,
929 1980 967 2033 et
994 1959 1120 2034 eodem
1151 1958 1360 2053 suspendio,
1404 1955 1495 2053 quod

326 2052 541 2144 ordaclraeo,
567 2057 742 2130 referente
767 2058 931 2134 eunucho
957 2055 1093 2151 aliquo,
1152 2053 1190 2126 ui
1217 2055 1361 2145 aderat,
1423 2076 1494 2124 ara·

276 2169 400 2240 verat,
432 2151 569 2226 evivit
595 2153 723 2226 auferri
750 2154 866 2249 jussit,
907 2151 993 2226 sicut
1019 2175 1104 2240 mox
1127 2079 1347 2235 iadlurnest.
1396 2078 1496 2319 {uae

277 2246 374 2346 regis
398 2246 477 2321 irati
495 2247 782 2356 praecipitantia,
809 2272 893 2345 rege
922 2248 1064 2342 quidem
1087 2246 1251 2415 indipna,
1277 2244 1338 2319 sed
1355 2246 1402 2343 Ju
1443 2248 1494 2316 eis

275 2341 430 2420 salutaris
456 2343 543 2434 furt,
584 2368 663 2418 curn
692 2344 941 2439 caeteroquin,
974 2343 999 2416 sr
1025 2343 1132 2416 dilata
1172 2339 1273 2415 uisset
1299 2337 1492 2429 sententia,

278 2440 375 2539 regis
399 2437 553 2530 animus,
580 2439 681 2513 facile
707 2434 900 2528 mutabilis,
927 2439 965 2511 in
991 2438 1152 2511 favorem
1176 2436 1273 2510 flecti
1301 2436 1495 2535 potuilset,

278 2534 434 2614 maxime
462 2558 543 2610 cum
561 2537 701 2610 Haman
728 2556 797 2610 tam
815 2533 997 2609 numerosa
1015 2534 1154 2623 sobole,
1181 2551 1348 2629 tantaque
1367 2532 1496 2607 amico·

277 2657 359 2709 rum
382 2651 515 2726 turma,
544 2632 630 2707 esset
656 2631 820 2731 stipatus,
853 2630 960 2707 etiam
982 2630 1019 2704 in
1046 2631 1139 2719 aula,
1173 2628 1234 2727 qui
1260 2625 1496 2720 Mordachaei

275 2730 491 2922 diffinirem
516 2729 635 2805 lividis
660 2729 895 2828 adspiciebant
919 2725 1049 2816 oculis,
1074 2725 1197 2815 essent.

349 2880 357 2896 .
385 2826 638 2897 CCCLXXXl.
673 2827 801 2899 Hocce
824 2845 893 2898 tam
916 2822 1087 2897 acerrimo
1111 2819 1211 2894 hoste
1236 2844 1257 2894 e
1280 2820 1405 2897 medio
1422 2821 1496 2896 sub·

279 2921 375 3005 lato,
412 2936 449 2989 et
474 2941 558 3017 rege
585 2921 728 3017 penitus
756 2918 921 2994 Estherae
947 2919 1101 3008 devoto,
1133 2916 1234 2989 facile
1260 2916 1491 3017 intelligitur,

278 3011 406 3089 cuneta
432 3014 475 3085 ab
493 3038 533 3086 ea
558 3016 778 3112 dependille‚
804 3015 905 3113 eique
931 3038 975 3088 ex
994 3036 1082 3089 voto
1107 3011 1292 3086 succedere
1319 3013 1497 3102 debuisse3

275 3106 338 3185 sed
371 3127 453 3180 curn
480 3109 633 3183 cdiclurn
670 3112 764 3208 regis
797 3111 841 3184 de
871 3108 1012 3206 Judaeis
1043 3108 1198 3182 delendis
1226 3110 1391 3185 revocari
1423 3134 1495 3187 non

276 3201 415 3302 pollet,
450 3227 515 3300 pro
538 3227 636 3277 more
660 3206 858 3294 Persarum,
875 3241 879 3249 ·
895 3203 984 3277 nihil
1006 3205 1043 3280 su
1069 3225 1207 3296 ecerat,
1237 3227 1342 3300 quam
1365 3226 1407 3282 ut
1430 3205 1495 3282 alio

278 3298 390 3377 modo
407 3298 505 3374 saluti
524 3300 734 3396 Judaeorum
752 3298 999 3376 consuleretur.
1087 3326 1194 3375 ovum
1205 3298 1324 3396 itaque
1342 3302 1492 3380 edictum

278 3421 302 3471 a
328 3396 591 3486 Mordachan,
617 3396 696 3485 cui,
721 3394 875 3469 Estheris
895 3420 988 3492 ope,
1013 3394 1142 3470 summa
1156 3397 1364 3496 potestas·et
1380 3392 1492 3499 digni

281 3511 355 3580 tas,
374 3512 517 3588 praeter
527 3491 673 3588 insignia
689 3490 806 3588 regia,
824 3515 905 3564 cum
919 3494 1047 3566 annulo
1066 3496 1180 3591 regis,
1197 3519 1322 3590 quem,
1342 3493 1495 3571 Harnani

277 3584 496 3675 detrastum,
542 3588 624 3662 Rex
652 3587 750 3662 dedit
773 3587 1037 3679 Mordachaeo,
1082 3587 1160 3688 (hic
1184 3589 1279 3662 enim
1304 3584 1422 3666 sensus
1447 3590 1494 3666 est
1526 3657 1530 3667 .

277 3684 469 3761 uerborum
495 3706 525 3756 c.
553 3685 638 3757 Vll:
668 3711 699 3758 2.
727 3708 812 3781 quae
831 3683 924 3757 verti
950 3683 1100 3758 debent:
1127 3691 1246 3760 amovit
1262 3711 1322 3759 rea
1342 3692 1493 3762 annulum

272 3775 398 3877 suum,
441 3803 532 3870 quem
555 3806 577 3853 a
593 3778 634 3874 se
660 3785 804 3854 recedere
819 3778 978 3874 fecerat,
1010 3779 1144 3855 scilicet
1169 3779 1322 3854 Humani
1359 3784 1492 3872 dando,

281 3878 326 3950 ob
350 3876 501 3947 Humane
529 3874 618 3975 etc.)
651 3895 726 3953 erat
748 3877 928 3967 corcella,
994 3901 1034 3949 ro
1058 3875 1170 3952 lubitu
1203 3877 1417 3970 formatum,
1457 3900 1494 3954 ac

282 3971 414 4065 anntdo
435 3967 527 4064 regis
551 3971 740 4068 signattun,
782 3972 852 4047 fuit
874 3901 993 4067 mensi
1020 3977 1135 4064 tertio,
1175 3997 1240 4069 per
1265 3996 1391 4049 omnes
1457 4001 1492 4048 o«

280 4066 437 4159 ttincias,
453 4088 568 4173 ‘aeque
595 4093 636 4140 ac
659 4070 756 4165 prius
780 4073 823 4142 ab
848 4073 1030 4159 Hamane,
1068 4069 1225 4158 milsrun,
1258 4092 1327 4237 ouo
1355 4001 1494 4168 Judiis

281 4163 386 4257 plena
412 4161 481 4234 suat
501 4164 584 4235 data
602 4165 753 4258 potestas
777 4163 933 4238 hostibus
949 4164 1016 4236 suis
1037 4164 1235 4254 resistendi,
1275 4166 1402 4261 eseque
1418 4167 1495 4243 vin·

280 4255 446 4340 dicandi3
490 4279 561 4332 non
593 4258 709 4354 itaque
734 4259 874 4353 quosvis
904 4257 1030 4332 obvios
1059 4261 1206 4336 necandi
1240 4278 1277 4334 et
1303 4262 1496 4356 spoliandi,

280 4351 343 4431 sed
369 4372 430 4422 eos
453 4369 609 4443 tantum,
634 4353 694 4449 qui
717 4354 868 4449 Judaeos
893 4352 1122 4447 invadebant,
1149 4355 1186 4428 vi
1211 4357 1339 4452 prioris
1363 4358 1496 4450 edicti,

282 4446 339 4524 uti
360 4470 406 4533 ex
429 4467 509 4555 cap..
532 4450 636 4542 Vlll:
666 4473 720 4523 11.
760 4446 980 4522 manifestum
1008 4452 1075 4529 est:
1096 4544 1099 4549 ¹
1118 4474 1185 4525 nec
1208 4453 1309 4527 aliter
1334 4454 1493 4528 institue·

275 4563 363 4639 runt
390 4540 535 4647 Judaen
577 4547 706 4667 ubique
738 4544 834 4629 enim
859 4543 1019 4647 additur,
1057 4571 1119 4626 eos
1142 4544 1218 4624 vim
1242 4549 1280 4627 ui
1307 4548 1498 4651 repulisse,

302 4726 306 4731 ¹
818 4700 822 4715 .
878 4680 882 4689 ’
1422 4670 1499 4730 ²120

273 4716 392 4761 Ul.
