3575 5884
747 1136 902 1219 emon.
925 1136 1043 1219 Sexta.
1431 1150 1508 1241 4⁸19

268 1323 348 1413 aa,
373 1332 412 1393 nt
435 1322 479 1394 ab
498 1321 644 1395 omnibus
659 1315 916 1417 spernerentur3
951 1344 1100 1421 quorum
1127 1317 1292 1395 nonnulla
1308 1317 1502 1417 specimina

268 1415 360 1493 ibid.
378 1414 539 1513 profert,
570 1435 608 1489 ut
623 1437 660 1489 et
676 1419 799 1514 Polyb.
825 1418 864 1493 in
888 1436 1048 1514 excerpt.
1073 1417 1190 1493 Vales.
1216 1412 1276 1513 qui
1294 1438 1374 1489 eum
1392 1440 1499 1515 prop·

271 1512 369 1589 teria
393 1511 518 1601 enutri
543 1512 691 1609 insanum
715 1512 818 1589 fuine
843 1510 977 1589 dicium
998 1511 1128 1589 refert:
1153 1530 1335 1608 praeterea
1358 1511 1502 1607 vaferri-

271 1634 366 1683 mum
391 1608 515 1699 suillo,
542 1607 637 1705 gesta
668 1608 708 1683 in
723 1608 915 1709 AEgypt.,
942 1608 1118 1685 crudelem
1142 1631 1185 1681 ac
1209 1608 1349 1681 saevum
1380 1629 1500 1707 tyran·

272 1728 386 1795 num,
411 1703 571 1778 facinora
589 1703 627 1777 in
648 1702 819 1802 Judaeos,
838 1706 1094 1800 comprobant,
1123 1704 1259 1799 qualem
1279 1703 1379 1777 fuille
1395 1702 1505 1777 tradit

273 1822 417 1901 quoque
440 1798 605 1873 Ammian
630 1802 792 1876 Marcell.
827 1803 850 1875 l.
879 1802 997 1877 XXII.
1031 1823 1138 1896 opum
1166 1800 1247 1873 deni
1274 1824 1316 1873 ue
1349 1819 1386 1873 et
1409 1796 1501 1873 divi·

276 1904 405 1971 tiarum
420 1896 658 1983 corrasorem,
683 1897 800 1993 spreta
818 1899 980 1971 Deorum
1001 1896 1224 1985 reuerentia,
1250 1823 1333 1969 iana
1358 1896 1400 1969 ab
1426 1892 1503 1991 ipso

271 1994 297 2073 s
315 1992 422 2066 oliata
447 1990 528 2065 satis
554 1994 728 2086 arguunt.¹
767 1992 867 2094 Quae
893 1993 1012 2067 omnia
1037 2015 1082 2065 ex
1101 1993 1191 2065 Dan.
1217 1988 1299 2063 vifis
1324 2015 1354 2065 c.
1382 1992 1438 2066 Vl
1463 2011 1501 2066 et

316 2090 385 2163 lll.
409 2085 455 2162 de
470 2107 581 2255 ¹parvo
606 2110 725 2175 cornu,
767 2106 805 2158 et
830 2087 1138 2183 nudaprophetia
1164 2110 1194 2159 c.
1221 2088 1285 2160 XI:
1315 2108 1500 2180 22-39.,

273 2184 339 2259 ubi
363 2182 407 2259 de
431 2181 508 2278 ipo
537 2182 676 2278 prolixe
694 2180 830 2277 agitur,
858 2186 1153 2281 comprobantur3
1179 2181 1265 2256 ficut
1286 2181 1323 2255 in
1351 2180 1496 2257 Dill'ert.

275 2299 316 2356 et
340 2284 477 2354 Comm.
502 2276 609 2353 fufius
633 2302 678 2351 ex
707 2275 791 2351 osui.
1265 2354 1271 2363 ¹

320 2374 356 2477 l.
383 2374 641 2449 ccccxvfll.
674 2301 933 2469 inpeditiones
958 2372 1031 2469 ejus
1056 2373 1093 2446 in
1120 2373 1358 2472 AEgyptum‚
1387 2398 1499 2471 quae,

274 2488 418 2573 praeter
443 2467 727 2567 persecutionem
750 2488 789 2542 et
819 2467 1059 2543 adllidlionern
1087 2468 1318 2566 Judaeorum‚
1362 2468 1405 2543 de
1430 2496 1501 2568 quo

306 2564 401 2641 oster
422 2564 485 2639 suo
508 2567 613 2660 loco,
646 2565 870 2663 praeeipuam
893 2564 1059 2639 historiae
1083 2562 1157 2660 ejus
1182 2586 1316 2661 partem
1343 2564 1500 2657 faciunt,

275 2592 420 2739 inerunt
438 2685 513 2735 non
531 2678 620 2749 tres,
648 2681 688 2734 ut
703 2678 865 2757 putatur,
891 2659 949 2733 sed
968 2664 1071 2748 (luae,
1097 2658 1259 2736 distinere
1276 2660 1499 2738 enarrandae.

272 2764 317 2836 ln
344 2756 465 2855 priore
481 2756 746 2853 expeditione,
779 2780 858 2832 ann.
883 2780 952 2829 aer.
979 2756 1113 2829 Scleuc.
1145 2776 1223 2843 142.
1249 2757 1426 2851 suscepta,
1461 2776 1501 2831 ut

271 2854 373 2935 reete
401 2852 557 2927 advertit
574 2855 760 2951 Jungman.
791 2852 832 2923 ad
858 2853 950 2927 Dan.
977 2852 998 2925 l.
1024 2852 1052 2924 1.
1085 2848 1168 2924 suet.
1200 2874 1231 2926 a.
1257 2871 1293 2925 et
1313 2853 1405 2927 Dan.
1434 2852 1499 2930 Xl:

275 2974 338 3041 25.
365 2946 562 3056 praediciti,
587 2948 789 3021 Antiochus
808 2949 848 3019 ab
866 2945 1067 3043 AEgyptiis
1093 2946 1269 3037 irritatus,
1297 2950 1389 3044 quod
1409 2952 1499 3043 Coe·

276 3045 442 3142 lesyrram
460 3062 640 3139 repetere,
672 3061 710 3115 et
730 3066 833 3115 manu
855 3044 1058 3131 vindicare,
1084 3044 1262 3117 voluerint
1286 3043 1437 3121 Eulalius
1463 3064 1501 3121 et

275 3143 441 3228 Leneus,
473 3138 565 3235 regis
600 3137 819 3211 minorennis
853 3158 1007 3223 tutores,
1043 3153 1079 3209 et
1104 3139 1205 3234 regni
1242 3138 1499 3215 administrato·

272 3260 354 3325 res,
381 3236 471 3309 nulla
490 3234 587 3307 lacha
613 3258 728 3322 mora,
758 3234 795 3307 in
821 3232 931 3329 ipsam
956 3233 1170 3328 AEgyptrnn
1196 3235 1319 3309 validis
1343 3261 1421 3310 cnm
1439 3260 1500 3309 co·

270 3333 343 3432 piis
368 3350 468 3406 tanto
495 3329 603 3403 irruit
629 3327 802 3419 sueceffu,
828 3350 868 3401 nt
893 3329 1089 3405 exercitum
1109 3331 1400 3428 AEgyptiacum,
1427 3332 1499 3404 val·

272 3431 318 3503 de
337 3427 543 3524 copiosum,
567 3423 815 3524 prostraverit,
836 3426 1001 3523 llegique
1018 3425 1170 3521 ignavo,
1196 3429 1398 3498 Ptolemaeo
1416 3424 1499 3497 Phi·

275 3524 463 3612 lometori,
489 3542 625 3595 tantum
651 3521 831 3595 incuss'erit
857 3541 1048 3609 terrorem,
1074 3542 1113 3593 ut
1133 3521 1203 3594 sese
1228 3518 1293 3616 ipsr
1321 3542 1403 3592 cum
1420 3542 1500 3619 reg-

275 3644 322 3697 no
349 3618 546 3692 tradiderit.
595 3617 695 3719 Quae
723 3616 867 3690 historia
895 3617 1087 3713 repetenda
1114 3615 1165 3688 est
1192 3639 1236 3687 ex
1261 3614 1409 3712 Polybio
1427 3618 1501 3693 Ex·

273 3740 334 3793 cer
362 3735 387 3789 t.
413 3717 561 3810 Legat,
603 3713 712 3787 Diod.
738 3713 807 3787 Sic.
840 3714 957 3785 Encer
984 3732 1009 3787 r.
1044 3711 1183 3799 Vales.,
1232 3710 1312 3785 Liv.
1340 3712 1361 3787 l.
1386 3714 1499 3789 XLII.

277 3742 428 3887 ill-iace.
455 3814 483 3884 l:
511 3830 547 3882 et
567 3810 716 3883 aMacc.
743 3811 791 3884 V:
815 3832 869 3898 1.‚
920 3807 1052 3905 oepho
1071 3805 1157 3883 Ant.
1177 3807 1259 3881 Xll.
1285 3828 1323 3881 et
1340 3810 1499 3907 Porphy-

271 3907 328 3983 rio
366 3904 458 4003 apud
485 3904 637 3980 Hieron.
672 3905 715 3981 ad
749 3906 840 3979 Dan.
928 3928 972 3976 uo
1005 3903 1122 3995 facto,
1164 3928 1253 3989 cum,
1270 3904 1500 3981 Alexandrini

272 4005 514 4079 Ptolemaeum
531 4003 752 4099 Euergeten‚
777 3999 921 4073 fratrem
946 4000 1060 4096 regis,
1087 3998 1151 4095 ipsr
1176 3999 1336 4099 depolito
1364 4000 1501 4073 suffice·

271 4120 377 4187 rent,
402 4098 502 4192 eujus
529 4097 581 4171 rei
606 4097 712 4171 etiam
736 4095 899 4171 meminit
927 4096 1141 4195 Porphyrius
1166 4096 1203 4170 in
1231 4095 1375 4171 Graecis
1391 4094 1499 4166 Euse-

274 4196 388 4269 bianis
414 4193 604 4289 Scaligeri,
639 4212 676 4267 et
702 4189 898 4291 praedidlio
926 4192 1038 4267 exstat
1063 4195 1153 4268 Dan.
1181 4195 1244 4267 XI:
1273 4214 1331 4278 25,
1359 4196 1415 4264 26.
1443 4190 1501 4268 his

274 4290 414 4379 verbis,
440 4293 528 4363 male
552 4289 736 4384 separatis,
777 4294 853 4385 qru'a
879 4293 1069 4386 cogitabunt
1096 4308 1208 4367 contra
1245 4292 1277 4379 ip
1294 4310 1349 4357 um
1374 4294 1499 4381 cogitu-

276 4391 399 4475 rioner‚
426 4390 529 4481 etqui
553 4388 731 4461 delicatam
757 4391 829 4482 ejus
842 4384 1020 4481 sartorum
1043 4391 1206 4462 cenredum
1230 4387 1332 4475 lpum
1356 4382 1499 4476 confrin-

271 4498 373 4579 genr;
398 4502 438 4556 ut
462 4482 500 4555 in
527 4486 664 4557 Comm.
700 4482 826 4572 docui,
870 4507 964 4559 nova
990 4482 1173 4557 Antiocho
1208 4494 1288 4554 nata
1314 4477 1501 4551 occasrone

274 4598 421 4677 regnum
446 4578 616 4679 AEgypti
643 4578 826 4680 rapiendi,
860 4598 1048 4674 praetextu
1072 4573 1370 4665 Philometorem,
1397 4570 1499 4671 quip-

809 4674 955 4772 δεμ
1451 4693 1499 4772 ue
