<?xml version="1.0" encoding="UTF-8"?>
<!DOCTYPE html PUBLIC "-//W3C//DTD XHTML 1.0 Transitional//EN"
    "http://www.w3.org/TR/xhtml1/DTD/xhtml1-transitional.dtd">
<html xmlns="http://www.w3.org/1999/xhtml" xml:lang="en" lang="en">
 <head>
  <title>
</title>
<meta http-equiv="Content-Type" content="text/html;charset=utf-8" />
  <meta name='ocr-system' content='tesseract 3.04.00' />
  <meta name='ocr-capabilities' content='ocr_page ocr_carea ocr_par ocr_line ocrx_word'/>
</head>
<body>
  <div class='ocr_page' id='page_1' title='image "./hermannivenemai04venegoog/hermannivenemai04venegoog_0054.png"; bbox 0 0 3575 5884; ppageno 0'>
   <div class='ocr_carea' id='block_1_1' title="bbox 358 1126 1232 1251">
    <p class='ocr_par' dir='ltr' id='par_1_1' title="bbox 358 1126 1232 1251">
     <span class='ocr_line' id='line_1_1' title="bbox 358 1126 1232 1251; baseline -0.003 -41"><span class='ocrx_word' id='word_1_1' title='bbox 358 1154 409 1229; x_wconf 83' lang='lat'>40</span> <span class='ocrx_word' id='word_1_2' title='bbox 650 1246 653 1251; x_wconf 18' lang='grc' dir='ltr'>Ι</span> <span class='ocrx_word' id='word_1_3' title='bbox 697 1126 842 1229; x_wconf 77' lang='lat' dir='ltr'>Historia</span> <span class='ocrx_word' id='word_1_4' title='bbox 867 1127 1098 1233; x_wconf 74' lang='lat' dir='ltr'>Ecclesiastico</span> <span class='ocrx_word' id='word_1_5' title='bbox 1121 1131 1163 1209; x_wconf 84' lang='lat' dir='ltr'>V.</span> <span class='ocrx_word' id='word_1_6' title='bbox 1194 1130 1232 1207; x_wconf 87' lang='lat' dir='ltr'>T.</span> 
     </span>
    </p>
   </div>
   <div class='ocr_carea' id='block_1_2' title="bbox 215 1305 1584 4731">
    <p class='ocr_par' dir='ltr' id='par_1_2' title="bbox 356 1305 1584 2076">
     <span class='ocr_line' id='line_1_2' title="bbox 360 1305 1584 1411; baseline 0.004 -26"><span class='ocrx_word' id='word_1_7' title='bbox 360 1333 441 1385; x_wconf 89' lang='lat' dir='ltr'>cum</span> <span class='ocrx_word' id='word_1_8' title='bbox 466 1311 567 1385; x_wconf 86' lang='lat' dir='ltr'>coelo</span> <span class='ocrx_word' id='word_1_9' title='bbox 582 1305 676 1381; x_wconf 74' lang='lat' dir='ltr'>arete</span> <span class='ocrx_word' id='word_1_10' title='bbox 701 1308 928 1406; x_wconf 76' lang='lat' dir='ltr'>conjuntium</span> <span class='ocrx_word' id='word_1_11' title='bbox 954 1332 1100 1410; x_wconf 81' lang='lat' dir='ltr'>regnum</span> <span class='ocrx_word' id='word_1_12' title='bbox 1124 1311 1317 1411; x_wconf 79' lang='lat' dir='ltr'><strong>expingere</strong></span> <span class='ocrx_word' id='word_1_13' title='bbox 1339 1310 1478 1410; x_wconf 86' lang='lat' dir='ltr'>potuit,</span> <span class='ocrx_word' id='word_1_14' title='bbox 1504 1330 1584 1390; x_wconf 79' lang='lat' dir='ltr'>tttm</span> 
     </span>
     <span class='ocr_line' id='line_1_3' title="bbox 362 1404 1584 1506; baseline 0.004 -27"><span class='ocrx_word' id='word_1_15' title='bbox 362 1406 455 1503; x_wconf 90' lang='lat' dir='ltr'>quod</span> <span class='ocrx_word' id='word_1_16' title='bbox 480 1429 543 1478; x_wconf 86' lang='lat' dir='ltr'>rex</span> <span class='ocrx_word' id='word_1_17' title='bbox 573 1404 752 1500; x_wconf 83' lang='lat' dir='ltr'>supremus</span> <span class='ocrx_word' id='word_1_18' title='bbox 779 1404 866 1478; x_wconf 74' lang='lat' dir='ltr'>ell&#39;et</span> <span class='ocrx_word' id='word_1_19' title='bbox 890 1408 1051 1504; x_wconf 88' lang='lat' dir='ltr'>Jehova,</span> <span class='ocrx_word' id='word_1_20' title='bbox 1085 1428 1159 1483; x_wconf 89' lang='lat' dir='ltr'>turn</span> <span class='ocrx_word' id='word_1_21' title='bbox 1183 1413 1365 1506; x_wconf 82' lang='lat' dir='ltr'>qualitates</span> <span class='ocrx_word' id='word_1_22' title='bbox 1387 1407 1584 1501; x_wconf 82' lang='lat' dir='ltr'>coelestes,</span> 
     </span>
     <span class='ocr_line' id='line_1_4' title="bbox 362 1499 1578 1601; baseline 0.003 -26"><span class='ocrx_word' id='word_1_23' title='bbox 362 1502 401 1576; x_wconf 93' lang='lat' dir='ltr'>in</span> <span class='ocrx_word' id='word_1_24' title='bbox 425 1500 596 1589; x_wconf 85' lang='lat' dir='ltr'>veritate,</span> <span class='ocrx_word' id='word_1_25' title='bbox 620 1499 775 1596; x_wconf 85' lang='lat' dir='ltr'>justitia,</span> <span class='ocrx_word' id='word_1_26' title='bbox 802 1525 911 1596; x_wconf 86' lang='lat' dir='ltr'>pace,</span> <span class='ocrx_word' id='word_1_27' title='bbox 937 1523 976 1575; x_wconf 90' lang='lat' dir='ltr'>et</span> <span class='ocrx_word' id='word_1_28' title='bbox 993 1503 1150 1577; x_wconf 90' lang='lat' dir='ltr'>omnium</span> <span class='ocrx_word' id='word_1_29' title='bbox 1174 1529 1289 1580; x_wconf 83' lang='lat' dir='ltr'>rerum</span> <span class='ocrx_word' id='word_1_30' title='bbox 1311 1506 1416 1601; x_wconf 89' lang='lat' dir='ltr'>copia</span> <span class='ocrx_word' id='word_1_31' title='bbox 1441 1503 1478 1576; x_wconf 93' lang='lat' dir='ltr'>in</span> <span class='ocrx_word' id='word_1_32' title='bbox 1503 1504 1578 1579; x_wconf 89' lang='lat' dir='ltr'>lroc</span> 
     </span>
     <span class='ocr_line' id='line_1_5' title="bbox 359 1595 1577 1696; baseline 0 -24"><span class='ocrx_word' id='word_1_33' title='bbox 359 1620 472 1692; x_wconf 86' lang='lat' dir='ltr'>regno</span> <span class='ocrx_word' id='word_1_34' title='bbox 499 1595 630 1669; x_wconf 86' lang='lat' dir='ltr'>fuerint</span> <span class='ocrx_word' id='word_1_35' title='bbox 663 1597 883 1693; x_wconf 77' lang='lat' dir='ltr'>conspicuae.</span> <span class='ocrx_word' id='word_1_36' title='bbox 933 1597 1097 1696; x_wconf 85' lang='lat' dir='ltr'>Denique</span> <span class='ocrx_word' id='word_1_37' title='bbox 1129 1601 1168 1672; x_wconf 90' lang='lat' dir='ltr'>in</span> <span class='ocrx_word' id='word_1_38' title='bbox 1190 1602 1351 1675; x_wconf 83' lang='lat' dir='ltr'>leonibus</span> <span class='ocrx_word' id='word_1_39' title='bbox 1375 1599 1577 1673; x_wconf 88' lang='lat' dir='ltr'>recubanti·</span> 
     </span>
     <span class='ocr_line' id='line_1_6' title="bbox 359 1689 1575 1791; baseline 0.002 -25"><span class='ocrx_word' id='word_1_40' title='bbox 359 1696 421 1771; x_wconf 87' lang='lat' dir='ltr'>bus</span> <span class='ocrx_word' id='word_1_41' title='bbox 446 1689 630 1791; x_wconf 81' lang='lat' dir='ltr'>respicitur</span> <span class='ocrx_word' id='word_1_42' title='bbox 652 1692 696 1764; x_wconf 93' lang='lat' dir='ltr'>ad</span> <span class='ocrx_word' id='word_1_43' title='bbox 722 1693 931 1765; x_wconf 85' lang='lat' dir='ltr'>vaticinium</span> <span class='ocrx_word' id='word_1_44' title='bbox 953 1694 1077 1789; x_wconf 70' lang='lat' dir='ltr'>jacobi</span> <span class='ocrx_word' id='word_1_45' title='bbox 1111 1696 1202 1770; x_wconf 86' lang='lat' dir='ltr'>Gen.</span> <span class='ocrx_word' id='word_1_46' title='bbox 1230 1698 1359 1769; x_wconf 72' lang='lat' dir='ltr'>xllx.</span> <span class='ocrx_word' id='word_1_47' title='bbox 1399 1693 1459 1768; x_wconf 90' lang='lat' dir='ltr'>ubi</span> <span class='ocrx_word' id='word_1_48' title='bbox 1483 1693 1575 1789; x_wconf 81' lang='lat' dir='ltr'>Juda</span> 
     </span>
     <span class='ocr_line' id='line_1_7' title="bbox 358 1787 1582 1889; baseline 0.006 -32"><span class='ocrx_word' id='word_1_49' title='bbox 358 1811 439 1864; x_wconf 86' lang='lat' dir='ltr'>cum</span> <span class='ocrx_word' id='word_1_50' title='bbox 461 1787 565 1860; x_wconf 89' lang='lat' dir='ltr'>leone</span> <span class='ocrx_word' id='word_1_51' title='bbox 590 1789 781 1871; x_wconf 82' lang='lat' dir='ltr'>recubante</span> <span class='ocrx_word' id='word_1_52' title='bbox 804 1806 1045 1885; x_wconf 86' lang='lat' dir='ltr'>comparatur:</span> <span class='ocrx_word' id='word_1_53' title='bbox 1083 1810 1181 1863; x_wconf 86' lang='lat' dir='ltr'>crant</span> <span class='ocrx_word' id='word_1_54' title='bbox 1204 1788 1321 1889; x_wconf 85' lang='lat' dir='ltr'>itaque</span> <span class='ocrx_word' id='word_1_55' title='bbox 1344 1790 1582 1882; x_wconf 74' lang='lat' dir='ltr'>nronumenia</span> 
     </span>
     <span class='ocr_line' id='line_1_8' title="bbox 356 1881 1572 1983; baseline -0.002 -24"><span class='ocrx_word' id='word_1_56' title='bbox 356 1881 522 1959; x_wconf 85' lang='lat' dir='ltr'>heroicae</span> <span class='ocrx_word' id='word_1_57' title='bbox 545 1882 688 1957; x_wconf 88' lang='lat' dir='ltr'>virtutis</span> <span class='ocrx_word' id='word_1_58' title='bbox 711 1882 884 1972; x_wconf 89' lang='lat' dir='ltr'>tribuum,</span> <span class='ocrx_word' id='word_1_59' title='bbox 909 1907 950 1957; x_wconf 91' lang='lat' dir='ltr'>ac</span> <span class='ocrx_word' id='word_1_60' title='bbox 975 1885 1132 1960; x_wconf 91' lang='lat' dir='ltr'>virorum</span> <span class='ocrx_word' id='word_1_61' title='bbox 1159 1884 1326 1975; x_wconf 88' lang='lat' dir='ltr'>fortium,</span> <span class='ocrx_word' id='word_1_62' title='bbox 1350 1884 1475 1983; x_wconf 80' lang='lat' dir='ltr'>quibus</span> <span class='ocrx_word' id='word_1_63' title='bbox 1491 1907 1572 1982; x_wconf 86' lang='lat' dir='ltr'>reg·</span> 
     </span>
     <span class='ocr_line' id='line_1_9' title="bbox 356 1977 1425 2076; baseline 0.003 -24"><span class='ocrx_word' id='word_1_64' title='bbox 356 1978 394 2052; x_wconf 93' lang='lat' dir='ltr'>ni</span> <span class='ocrx_word' id='word_1_65' title='bbox 420 1978 646 2076; x_wconf 79' lang='lat' dir='ltr'>tranquillitar</span> <span class='ocrx_word' id='word_1_66' title='bbox 671 1997 745 2052; x_wconf 84' lang='lat' dir='ltr'>erat</span> <span class='ocrx_word' id='word_1_67' title='bbox 769 1997 915 2076; x_wconf 86' lang='lat' dir='ltr'>accepta</span> <span class='ocrx_word' id='word_1_68' title='bbox 936 1977 1089 2057; x_wconf 86' lang='lat' dir='ltr'>ferenda.</span> <span class='ocrx_word' id='word_1_69' title='bbox 1137 1981 1285 2076; x_wconf 83' lang='lat' dir='ltr'>Reliqua</span> <span class='ocrx_word' id='word_1_70' title='bbox 1308 1978 1425 2055; x_wconf 90' lang='lat' dir='ltr'>mitto.</span> 
     </span>
    </p>

    <p class='ocr_par' dir='ltr' id='par_1_3' title="bbox 336 2071 1583 3218">
     <span class='ocr_line' id='line_1_10' title="bbox 400 2071 1571 2174; baseline -0.001 -26"><span class='ocrx_word' id='word_1_71' title='bbox 400 2074 432 2174; x_wconf 62' lang='lat' dir='ltr'>q.</span> <span class='ocrx_word' id='word_1_72' title='bbox 460 2077 576 2151; x_wconf 87' lang='lat' dir='ltr'>XLV.</span> <span class='ocrx_word' id='word_1_73' title='bbox 608 2073 718 2151; x_wconf 88' lang='lat' dir='ltr'>Felici</span> <span class='ocrx_word' id='word_1_74' title='bbox 740 2072 824 2149; x_wconf 90' lang='lat' dir='ltr'>huie</span> <span class='ocrx_word' id='word_1_75' title='bbox 850 2073 1062 2166; x_wconf 87' lang='lat' dir='ltr'>Salomonis,</span> <span class='ocrx_word' id='word_1_76' title='bbox 1088 2075 1227 2173; x_wconf 87' lang='lat' dir='ltr'>ejusque</span> <span class='ocrx_word' id='word_1_77' title='bbox 1250 2077 1372 2174; x_wconf 86' lang='lat' dir='ltr'>regni,</span> <span class='ocrx_word' id='word_1_78' title='bbox 1397 2071 1571 2173; x_wconf 88' lang='lat' dir='ltr'>periodo,</span> 
     </span>
     <span class='ocr_line' id='line_1_11' title="bbox 354 2167 1571 2267; baseline 0 -24"><span class='ocrx_word' id='word_1_79' title='bbox 354 2167 530 2267; x_wconf 86' lang='lat' dir='ltr'>hucusque</span> <span class='ocrx_word' id='word_1_80' title='bbox 550 2189 733 2265; x_wconf 75' lang='lat' dir='ltr'>enarratae</span> <span class='ocrx_word' id='word_1_81' title='bbox 755 2195 796 2246; x_wconf 89' lang='lat' dir='ltr'>ac</span> <span class='ocrx_word' id='word_1_82' title='bbox 813 2169 1017 2262; x_wconf 84' lang='lat' dir='ltr'>illustratae,</span> <span class='ocrx_word' id='word_1_83' title='bbox 1042 2171 1219 2260; x_wconf 82' lang='lat' dir='ltr'>successit,</span> <span class='ocrx_word' id='word_1_84' title='bbox 1245 2171 1339 2245; x_wconf 89' lang='lat' dir='ltr'>circa</span> <span class='ocrx_word' id='word_1_85' title='bbox 1360 2170 1469 2243; x_wconf 88' lang='lat' dir='ltr'>finem</span> <span class='ocrx_word' id='word_1_86' title='bbox 1492 2169 1571 2266; x_wconf 76' lang='lat' dir='ltr'>eJ&#39;ua</span> 
     </span>
     <span class='ocr_line' id='line_1_12' title="bbox 352 2260 1569 2364; baseline 0 -25"><span class='ocrx_word' id='word_1_87' title='bbox 352 2264 458 2364; x_wconf 88' lang='lat' dir='ltr'>longe</span> <span class='ocrx_word' id='word_1_88' title='bbox 486 2264 690 2352; x_wconf 82' lang='lat' dir='ltr'>tristissima,</span> <span class='ocrx_word' id='word_1_89' title='bbox 715 2284 753 2336; x_wconf 84' lang='lat' dir='ltr'>ct</span> <span class='ocrx_word' id='word_1_90' title='bbox 776 2266 994 2353; x_wconf 87' lang='lat' dir='ltr'>turbulenta,</span> <span class='ocrx_word' id='word_1_91' title='bbox 1018 2265 1058 2340; x_wconf 90' lang='lat' dir='ltr'>in</span> <span class='ocrx_word' id='word_1_92' title='bbox 1081 2265 1265 2341; x_wconf 86' lang='lat' dir='ltr'>miserabili</span> <span class='ocrx_word' id='word_1_93' title='bbox 1289 2264 1401 2362; x_wconf 86' lang='lat' dir='ltr'>Regis</span> <span class='ocrx_word' id='word_1_94' title='bbox 1427 2260 1569 2359; x_wconf 82' lang='lat' dir='ltr'>aliquali</span> 
     </span>
     <span class='ocr_line' id='line_1_13' title="bbox 350 2357 1570 2460; baseline -0.006 -23"><span class='ocrx_word' id='word_1_95' title='bbox 350 2362 552 2437; x_wconf 73' lang='lat' dir='ltr'>defetiione</span> <span class='ocrx_word' id='word_1_96' title='bbox 577 2382 597 2430; x_wconf 92' lang='lat' dir='ltr'>a</span> <span class='ocrx_word' id='word_1_97' title='bbox 622 2358 760 2454; x_wconf 75' lang='lat' dir='ltr'>lehova</span> <span class='ocrx_word' id='word_1_98' title='bbox 789 2357 835 2433; x_wconf 89' lang='lat' dir='ltr'>ad</span> <span class='ocrx_word' id='word_1_99' title='bbox 868 2358 1118 2452; x_wconf 83' lang='lat' dir='ltr'>idololatriam,</span> <span class='ocrx_word' id='word_1_100' title='bbox 1167 2361 1205 2434; x_wconf 93' lang='lat' dir='ltr'>in</span> <span class='ocrx_word' id='word_1_101' title='bbox 1237 2360 1384 2460; x_wconf 84' lang='lat' dir='ltr'>gratiam</span> <span class='ocrx_word' id='word_1_102' title='bbox 1414 2380 1570 2456; x_wconf 79' lang='lat' dir='ltr'>uxorum</span> 
     </span>
     <span class='ocr_line' id='line_1_14' title="bbox 346 2451 1583 2552; baseline -0.002 -22"><span class='ocrx_word' id='word_1_103' title='bbox 346 2461 405 2532; x_wconf 87' lang='lat' dir='ltr'>vel</span> <span class='ocrx_word' id='word_1_104' title='bbox 429 2452 703 2531; x_wconf 86' lang='lat' dir='ltr'>concubinarum</span> <span class='ocrx_word' id='word_1_105' title='bbox 719 2451 928 2550; x_wconf 80' lang='lat' dir='ltr'>gentilium,</span> <span class='ocrx_word' id='word_1_106' title='bbox 954 2453 1105 2552; x_wconf 89' lang='lat' dir='ltr'>indeque</span> <span class='ocrx_word' id='word_1_107' title='bbox 1131 2475 1229 2544; x_wconf 88' lang='lat' dir='ltr'>orta,</span> <span class='ocrx_word' id='word_1_108' title='bbox 1255 2481 1292 2530; x_wconf 91' lang='lat' dir='ltr'>re</span> <span class='ocrx_word' id='word_1_109' title='bbox 1319 2455 1355 2529; x_wconf 91' lang='lat' dir='ltr'>ni</span> <span class='ocrx_word' id='word_1_110' title='bbox 1380 2453 1583 2547; x_wconf 84' lang='lat' dir='ltr'>sciffione,</span> 
     </span>
     <span class='ocr_line' id='line_1_15' title="bbox 349 2480 1570 2655; baseline 0.001 -31"><span class='ocrx_word' id='word_1_111' title='bbox 349 2570 389 2624; x_wconf 84' lang='lat' dir='ltr'>et</span> <span class='ocrx_word' id='word_1_112' title='bbox 419 2546 695 2646; x_wconf 80' lang='lat' dir='ltr'>perturbatione.</span> <span class='ocrx_word' id='word_1_113' title='bbox 750 2549 851 2655; x_wconf 82' lang='lat' dir='ltr'>Quae</span> <span class='ocrx_word' id='word_1_114' title='bbox 885 2546 1059 2641; x_wconf 90' lang='lat' dir='ltr'>historia,</span> <span class='ocrx_word' id='word_1_115' title='bbox 1099 2550 1138 2625; x_wconf 92' lang='lat' dir='ltr'>in</span> <span class='ocrx_word' id='word_1_116' title='bbox 1166 2551 1226 2625; x_wconf 90' lang='lat' dir='ltr'>lib.</span> <span class='ocrx_word' id='word_1_117' title='bbox 1262 2480 1392 2626; x_wconf 61' lang='lat' dir='ltr'>Ciron.</span> <span class='ocrx_word' id='word_1_118' title='bbox 1448 2549 1570 2625; x_wconf 85' lang='lat' dir='ltr'>enitus</span> 
     </span>
     <span class='ocr_line' id='line_1_16' title="bbox 351 2574 1582 2753; baseline -0.002 -35"><span class='ocrx_word' id='word_1_119' title='bbox 351 2644 492 2735; x_wconf 84' lang='lat' dir='ltr'>omilla,</span> <span class='ocrx_word' id='word_1_120' title='bbox 519 2642 683 2717; x_wconf 78' lang='lat' dir='ltr'>distinete</span> <span class='ocrx_word' id='word_1_121' title='bbox 709 2645 838 2753; x_wconf 78' lang='lat' dir='ltr'>alleg.</span> <span class='ocrx_word' id='word_1_122' title='bbox 865 2646 928 2720; x_wconf 88' lang='lat' dir='ltr'>XI.</span> <span class='ocrx_word' id='word_1_123' title='bbox 955 2645 1113 2722; x_wconf 75' lang='lat' dir='ltr'>traditan.</span> <span class='ocrx_word' id='word_1_124' title='bbox 1160 2646 1290 2743; x_wconf 80' lang='lat' dir='ltr'>lapsus</span> <span class='ocrx_word' id='word_1_125' title='bbox 1306 2645 1400 2741; x_wconf 88' lang='lat' dir='ltr'>regis</span> <span class='ocrx_word' id='word_1_126' title='bbox 1416 2574 1484 2719; x_wconf 72' lang='lat' dir='ltr'>ibit</span> <span class='ocrx_word' id='word_1_127' title='bbox 1499 2645 1582 2722; x_wconf 89' lang='lat' dir='ltr'>du·.</span> 
     </span>
     <span class='ocr_line' id='line_1_17' title="bbox 336 2739 1565 2837; baseline -0.001 -20"><span class='ocrx_word' id='word_1_128' title='bbox 336 2745 451 2837; x_wconf 70' lang='lat' dir='ltr'>plere,</span> <span class='ocrx_word' id='word_1_129' title='bbox 478 2741 565 2815; x_wconf 82' lang='lat' dir='ltr'>alter</span> <span class='ocrx_word' id='word_1_130' title='bbox 588 2741 698 2812; x_wconf 90' lang='lat' dir='ltr'>altero</span> <span class='ocrx_word' id='word_1_131' title='bbox 724 2763 887 2836; x_wconf 79' lang='lat' dir='ltr'>gravior,</span> <span class='ocrx_word' id='word_1_132' title='bbox 922 2759 959 2814; x_wconf 91' lang='lat' dir='ltr'>et</span> <span class='ocrx_word' id='word_1_133' title='bbox 985 2755 1032 2816; x_wconf 85' lang='lat' dir='ltr'>ex</span> <span class='ocrx_word' id='word_1_134' title='bbox 1055 2764 1102 2814; x_wconf 87' lang='lat' dir='ltr'>eo</span> <span class='ocrx_word' id='word_1_135' title='bbox 1123 2759 1232 2816; x_wconf 82' lang='lat' dir='ltr'>ortus.</span> <span class='ocrx_word' id='word_1_136' title='bbox 1277 2742 1376 2815; x_wconf 88' lang='lat' dir='ltr'>Prior</span> <span class='ocrx_word' id='word_1_137' title='bbox 1400 2739 1452 2815; x_wconf 91' lang='lat' dir='ltr'>est</span> <span class='ocrx_word' id='word_1_138' title='bbox 1473 2763 1565 2816; x_wconf 80' lang='lat' dir='ltr'>uxo·</span> 
     </span>
     <span class='ocr_line' id='line_1_18' title="bbox 345 2833 1567 2931; baseline -0.003 -18"><span class='ocrx_word' id='word_1_139' title='bbox 345 2859 452 2924; x_wconf 86' lang='lat' dir='ltr'>rum,</span> <span class='ocrx_word' id='word_1_140' title='bbox 494 2833 767 2931; x_wconf 84' lang='lat' dir='ltr'>alienigenarum</span> <span class='ocrx_word' id='word_1_141' title='bbox 790 2854 828 2909; x_wconf 93' lang='lat' dir='ltr'>et</span> <span class='ocrx_word' id='word_1_142' title='bbox 850 2835 1060 2926; x_wconf 68' lang='lat' dir='ltr'>ventarum,</span> <span class='ocrx_word' id='word_1_143' title='bbox 1095 2835 1195 2931; x_wconf 82' lang='lat' dir='ltr'>multi</span> <span class='ocrx_word' id='word_1_144' title='bbox 1221 2834 1361 2925; x_wconf 88' lang='lat' dir='ltr'>licatio,</span> <span class='ocrx_word' id='word_1_145' title='bbox 1402 2853 1440 2908; x_wconf 86' lang='lat' dir='ltr'>et</span> <span class='ocrx_word' id='word_1_146' title='bbox 1463 2858 1567 2909; x_wconf 85' lang='lat' dir='ltr'>amor</span> 
     </span>
     <span class='ocr_line' id='line_1_19' title="bbox 345 2927 1564 3030; baseline 0.003 -28"><span class='ocrx_word' id='word_1_147' title='bbox 345 2931 440 3030; x_wconf 88' lang='lat' dir='ltr'>regis</span> <span class='ocrx_word' id='word_1_148' title='bbox 464 2954 547 3028; x_wconf 89' lang='lat' dir='ltr'>erga</span> <span class='ocrx_word' id='word_1_149' title='bbox 570 2953 627 3004; x_wconf 78' lang='lat' dir='ltr'>eas</span> <span class='ocrx_word' id='word_1_150' title='bbox 650 2927 798 3019; x_wconf 89' lang='lat' dir='ltr'>nimius,</span> <span class='ocrx_word' id='word_1_151' title='bbox 823 2955 860 3004; x_wconf 89' lang='lat' dir='ltr'>v.</span> <span class='ocrx_word' id='word_1_152' title='bbox 889 2952 998 3028; x_wconf 86' lang='lat'><strong>1-3.</strong></span> <span class='ocrx_word' id='word_1_153' title='bbox 1022 2931 1177 3005; x_wconf 62' lang='lat' dir='ltr'>&#39;Interdi</span> <span class='ocrx_word' id='word_1_154' title='bbox 1215 2955 1274 3006; x_wconf 92' lang='lat' dir='ltr'>um</span> <span class='ocrx_word' id='word_1_155' title='bbox 1296 2929 1438 3027; x_wconf 81' lang='lat' dir='ltr'>quidem</span> <span class='ocrx_word' id='word_1_156' title='bbox 1461 2930 1564 3028; x_wconf 84' lang='lat' dir='ltr'>Regi</span> 
     </span>
     <span class='ocr_line' id='line_1_20' title="bbox 345 3024 1569 3114; baseline -0.002 -14"><span class='ocrx_word' id='word_1_157' title='bbox 345 3025 479 3104; x_wconf 79' lang='lat' dir='ltr'>Israelis</span> <span class='ocrx_word' id='word_1_158' title='bbox 503 3044 577 3099; x_wconf 85' lang='lat' dir='ltr'>erat</span> <span class='ocrx_word' id='word_1_159' title='bbox 600 3027 709 3100; x_wconf 88' lang='lat' dir='ltr'>Deut.</span> <span class='ocrx_word' id='word_1_160' title='bbox 735 3026 857 3101; x_wconf 88' lang='lat' dir='ltr'>XVII:</span> <span class='ocrx_word' id='word_1_161' title='bbox 887 3048 903 3099; x_wconf 88' lang='lat' dir='ltr'>r</span> <span class='ocrx_word' id='word_1_162' title='bbox 933 3083 944 3100; x_wconf 87' lang='lat'><strong>.</strong></span> <span class='ocrx_word' id='word_1_163' title='bbox 977 3051 1093 3100; x_wconf 82' lang='lat' dir='ltr'>uxores</span> <span class='ocrx_word' id='word_1_164' title='bbox 1118 3026 1305 3101; x_wconf 90' lang='lat' dir='ltr'>adsciscere</span> <span class='ocrx_word' id='word_1_165' title='bbox 1329 3028 1467 3114; x_wconf 83' lang='lat' dir='ltr'>multas,</span> <span class='ocrx_word' id='word_1_166' title='bbox 1498 3024 1569 3108; x_wconf 81' lang='lat' dir='ltr'>sod</span> 
     </span>
     <span class='ocr_line' id='line_1_21' title="bbox 342 3046 1577 3218; baseline -0.002 -22"><span class='ocrx_word' id='word_1_167' title='bbox 342 3120 389 3198; x_wconf 91' lang='lat' dir='ltr'>de</span> <span class='ocrx_word' id='word_1_168' title='bbox 414 3145 458 3195; x_wconf 92' lang='lat' dir='ltr'>eo</span> <span class='ocrx_word' id='word_1_169' title='bbox 483 3119 671 3216; x_wconf 90' lang='lat' dir='ltr'>dispensari</span> <span class='ocrx_word' id='word_1_170' title='bbox 695 3139 853 3216; x_wconf 89' lang='lat' dir='ltr'>poterat,</span> <span class='ocrx_word' id='word_1_171' title='bbox 896 3046 984 3195; x_wconf 85' lang='lat' dir='ltr'>licut</span> <span class='ocrx_word' id='word_1_172' title='bbox 1008 3120 1113 3194; x_wconf 87' lang='lat' dir='ltr'>etde</span> <span class='ocrx_word' id='word_1_173' title='bbox 1145 3147 1292 3218; x_wconf 83' lang='lat' dir='ltr'>equorum</span> <span class='ocrx_word' id='word_1_174' title='bbox 1314 3144 1357 3195; x_wconf 89' lang='lat' dir='ltr'>ac</span> <span class='ocrx_word' id='word_1_175' title='bbox 1379 3141 1470 3216; x_wconf 85' lang='lat' dir='ltr'>opum</span> <span class='ocrx_word' id='word_1_176' title='bbox 1494 3123 1577 3194; x_wconf 87' lang='lat' dir='ltr'>co·&#39;</span> 
     </span>
    </p>

    <p class='ocr_par' dir='ltr' id='par_1_4' title="bbox 369 3214 1559 3314">
     <span class='ocr_line' id='line_1_22' title="bbox 369 3214 1559 3314; baseline 0 -19"><span class='ocrx_word' id='word_1_177' title='bbox 369 3220 403 3295; x_wconf 90' lang='lat' dir='ltr'>ia</span> <span class='ocrx_word' id='word_1_178' title='bbox 427 3217 494 3294; x_wconf 88' lang='lat' dir='ltr'>fuit</span> <span class='ocrx_word' id='word_1_179' title='bbox 519 3215 557 3288; x_wconf 91' lang='lat' dir='ltr'>in</span> <span class='ocrx_word' id='word_1_180' title='bbox 582 3215 767 3288; x_wconf 88' lang='lat' dir='ltr'>Salomone</span> <span class='ocrx_word' id='word_1_181' title='bbox 792 3214 942 3308; x_wconf 77' lang='lat' dir='ltr'>saelum,</span> <span class='ocrx_word' id='word_1_182' title='bbox 984 3218 1066 3290; x_wconf 93' lang='lat' dir='ltr'>Deo</span> <span class='ocrx_word' id='word_1_183' title='bbox 1090 3215 1168 3313; x_wconf 88' lang='lat' dir='ltr'>ipso</span> <span class='ocrx_word' id='word_1_184' title='bbox 1193 3237 1265 3313; x_wconf 86' lang='lat' dir='ltr'>opes</span> <span class='ocrx_word' id='word_1_185' title='bbox 1296 3215 1361 3314; x_wconf 89' lang='lat' dir='ltr'>ipsr</span> <span class='ocrx_word' id='word_1_186' title='bbox 1410 3214 1559 3296; x_wconf 88' lang='lat' dir='ltr'>ollicito.</span> 
     </span>
    </p>

    <p class='ocr_par' dir='ltr' id='par_1_5' title="bbox 342 3309 1566 3610">
     <span class='ocr_line' id='line_1_23' title="bbox 390 3309 1566 3419; baseline -0.001 -31"><span class='ocrx_word' id='word_1_187' title='bbox 390 3314 469 3388; x_wconf 92' lang='lat' dir='ltr'>din</span> <span class='ocrx_word' id='word_1_188' title='bbox 492 3335 536 3392; x_wconf 90' lang='lat' dir='ltr'>eo</span> <span class='ocrx_word' id='word_1_189' title='bbox 554 3309 738 3419; x_wconf 89' lang='lat' dir='ltr'>peccavit,</span> <span class='ocrx_word' id='word_1_190' title='bbox 763 3312 857 3404; x_wconf 91' lang='lat' dir='ltr'>quod</span> <span class='ocrx_word' id='word_1_191' title='bbox 881 3312 1113 3409; x_wconf 87' lang='lat' dir='ltr'>alienigenas,</span> <span class='ocrx_word' id='word_1_192' title='bbox 1131 3336 1159 3387; x_wconf 87' lang='lat' dir='ltr'>a</span> <span class='ocrx_word' id='word_1_193' title='bbox 1171 3313 1368 3409; x_wconf 90' lang='lat' dir='ltr'>Jehovaec</span> <span class='ocrx_word' id='word_1_194' title='bbox 1405 3330 1442 3384; x_wconf 90' lang='lat' dir='ltr'>tu</span> <span class='ocrx_word' id='word_1_195' title='bbox 1483 3311 1566 3387; x_wconf 88' lang='lat' dir='ltr'>lane</span> 
     </span>
     <span class='ocr_line' id='line_1_24' title="bbox 342 3336 1563 3506; baseline -0.005 -19"><span class='ocrx_word' id='word_1_196' title='bbox 342 3410 493 3499; x_wconf 83' lang='lat' dir='ltr'>alienas,</span> <span class='ocrx_word' id='word_1_197' title='bbox 518 3408 610 3483; x_wconf 80' lang='lat' dir='ltr'>filiae</span> <span class='ocrx_word' id='word_1_198' title='bbox 635 3403 843 3496; x_wconf 83' lang='lat' dir='ltr'>Pharaonis,</span> <span class='ocrx_word' id='word_1_199' title='bbox 867 3406 907 3481; x_wconf 90' lang='lat' dir='ltr'>in</span> <span class='ocrx_word' id='word_1_200' title='bbox 929 3407 1108 3506; x_wconf 89' lang='lat' dir='ltr'>principio</span> <span class='ocrx_word' id='word_1_201' title='bbox 1131 3406 1203 3503; x_wconf 85' lang='lat' dir='ltr'>jam</span> <span class='ocrx_word' id='word_1_202' title='bbox 1227 3406 1350 3482; x_wconf 72' lang='lat' dir='ltr'>dubiae</span> <span class='ocrx_word' id='word_1_203' title='bbox 1396 3426 1435 3481; x_wconf 90' lang='lat' dir='ltr'>et</span> <span class='ocrx_word' id='word_1_204' title='bbox 1448 3336 1563 3503; x_wconf 59' lang='lat' dir='ltr'>(iehe-</span> 
     </span>
     <span class='ocr_line' id='line_1_25' title="bbox 343 3463 1561 3610; baseline -0.006 -26"><span class='ocrx_word' id='word_1_205' title='bbox 343 3529 425 3584; x_wconf 86' lang='lat' dir='ltr'>vam</span> <span class='ocrx_word' id='word_1_206' title='bbox 449 3500 649 3592; x_wconf 90' lang='lat' dir='ltr'>reverenti,</span> <span class='ocrx_word' id='word_1_207' title='bbox 684 3499 721 3574; x_wconf 93' lang='lat' dir='ltr'>in</span> <span class='ocrx_word' id='word_1_208' title='bbox 746 3522 816 3610; x_wconf 92' lang='lat' dir='ltr'>quo</span> <span class='ocrx_word' id='word_1_209' title='bbox 842 3525 915 3576; x_wconf 92' lang='lat' dir='ltr'>non</span> <span class='ocrx_word' id='word_1_210' title='bbox 938 3502 1007 3577; x_wconf 89' lang='lat' dir='ltr'>fuit</span> <span class='ocrx_word' id='word_1_211' title='bbox 1030 3504 1279 3603; x_wconf 81' lang='lat' dir='ltr'>reprehensor,</span> <span class='ocrx_word' id='word_1_212' title='bbox 1303 3463 1561 3597; x_wconf 70' lang='lat' dir='ltr'>adsociaverit,</span> 
     </span>
    </p>

    <p class='ocr_par' dir='ltr' id='par_1_6' title="bbox 215 3595 1562 3983">
     <span class='ocr_line' id='line_1_26' title="bbox 215 3595 1560 3695; baseline 0.001 -24"><span class='ocrx_word' id='word_1_213' title='bbox 215 3657 219 3671; x_wconf 83' lang='lat'>.</span> <span class='ocrx_word' id='word_1_214' title='bbox 406 3621 524 3675; x_wconf 89' lang='lat' dir='ltr'>eterea</span> <span class='ocrx_word' id='word_1_215' title='bbox 547 3597 632 3672; x_wconf 79' lang='lat' dir='ltr'>talea</span> <span class='ocrx_word' id='word_1_216' title='bbox 655 3621 701 3671; x_wconf 86' lang='lat' dir='ltr'>ex</span> <span class='ocrx_word' id='word_1_217' title='bbox 727 3597 857 3671; x_wconf 80' lang='lat' dir='ltr'>vicinis</span> <span class='ocrx_word' id='word_1_218' title='bbox 879 3597 1063 3695; x_wconf 84' lang='lat' dir='ltr'>gentibus,</span> <span class='ocrx_word' id='word_1_219' title='bbox 1113 3623 1171 3673; x_wconf 82' lang='lat' dir='ltr'>uas</span> <span class='ocrx_word' id='word_1_220' title='bbox 1186 3601 1285 3672; x_wconf 88' lang='lat' dir='ltr'>Deus</span> <span class='ocrx_word' id='word_1_221' title='bbox 1300 3595 1458 3694; x_wconf 77' lang='lat' dir='ltr'>expresse</span> <span class='ocrx_word' id='word_1_222' title='bbox 1472 3622 1560 3694; x_wconf 88' lang='lat' dir='ltr'>pro·</span> 
     </span>
     <span class='ocr_line' id='line_1_27' title="bbox 342 3627 1560 3792; baseline -0.005 -17"><span class='ocrx_word' id='word_1_223' title='bbox 342 3627 524 3783; x_wconf 78' lang='lat' dir='ltr'>iiibuerar,</span> <span class='ocrx_word' id='word_1_224' title='bbox 549 3692 615 3767; x_wconf 85' lang='lat' dir='ltr'>Ex.</span> <span class='ocrx_word' id='word_1_225' title='bbox 640 3691 813 3769; x_wconf 88' lang='lat' dir='ltr'>XXXIV:</span> <span class='ocrx_word' id='word_1_226' title='bbox 843 3700 889 3767; x_wconf 86' lang='lat'>16</span> <span class='ocrx_word' id='word_1_227' title='bbox 914 3713 952 3766; x_wconf 92' lang='lat' dir='ltr'>et</span> <span class='ocrx_word' id='word_1_228' title='bbox 967 3696 1075 3770; x_wconf 88' lang='lat' dir='ltr'>Deut.</span> <span class='ocrx_word' id='word_1_229' title='bbox 1142 3694 1189 3768; x_wconf 86' lang='lat'>11:</span> <span class='ocrx_word' id='word_1_230' title='bbox 1218 3716 1237 3792; x_wconf 78' lang='lat'>3</span> <span class='ocrx_word' id='word_1_231' title='bbox 1264 3693 1436 3790; x_wconf 89' lang='lat' dir='ltr'>denique,</span> <span class='ocrx_word' id='word_1_232' title='bbox 1462 3693 1560 3791; x_wconf 85' lang='lat' dir='ltr'>quod</span> 
     </span>
     <span class='ocr_line' id='line_1_28' title="bbox 343 3785 1562 3897; baseline -0.007 -23"><span class='ocrx_word' id='word_1_233' title='bbox 343 3820 401 3872; x_wconf 83' lang='lat' dir='ltr'>eas</span> <span class='ocrx_word' id='word_1_234' title='bbox 427 3810 613 3897; x_wconf 85' lang='lat' dir='ltr'>tantopere</span> <span class='ocrx_word' id='word_1_235' title='bbox 637 3788 808 3881; x_wconf 76' lang='lat' dir='ltr'>dilexerit,</span> <span class='ocrx_word' id='word_1_236' title='bbox 840 3808 881 3864; x_wconf 92' lang='lat' dir='ltr'>ut</span> <span class='ocrx_word' id='word_1_237' title='bbox 903 3787 939 3862; x_wconf 93' lang='lat' dir='ltr'>se</span> <span class='ocrx_word' id='word_1_238' title='bbox 963 3787 1074 3863; x_wconf 88' lang='lat' dir='ltr'>abiis</span> <span class='ocrx_word' id='word_1_239' title='bbox 1095 3785 1244 3863; x_wconf 83' lang='lat' dir='ltr'>abstrahi</span> <span class='ocrx_word' id='word_1_240' title='bbox 1258 3813 1279 3864; x_wconf 90' lang='lat' dir='ltr'>a</span> <span class='ocrx_word' id='word_1_241' title='bbox 1294 3789 1432 3886; x_wconf 89' lang='lat' dir='ltr'>Jehova</span> <span class='ocrx_word' id='word_1_242' title='bbox 1446 3788 1562 3887; x_wconf 79' lang='lat' dir='ltr'>pass‘ue</span> 
     </span>
     <span class='ocr_line' id='line_1_29' title="bbox 342 3881 1559 3983; baseline -0.007 -15"><span class='ocrx_word' id='word_1_243' title='bbox 342 3891 404 3969; x_wconf 86' lang='lat' dir='ltr'>srt:</span> <span class='ocrx_word' id='word_1_244' title='bbox 431 3887 484 3964; x_wconf 92' lang='lat' dir='ltr'>uti</span> <span class='ocrx_word' id='word_1_245' title='bbox 500 3884 628 3959; x_wconf 79' lang='lat' dir='ltr'>diserte</span> <span class='ocrx_word' id='word_1_246' title='bbox 642 3881 801 3975; x_wconf 92' lang='lat' dir='ltr'>additur,</span> <span class='ocrx_word' id='word_1_247' title='bbox 825 3885 869 3959; x_wconf 90' lang='lat' dir='ltr'>ad</span> <span class='ocrx_word' id='word_1_248' title='bbox 890 3883 1065 3961; x_wconf 87' lang='lat' dir='ltr'>rationem</span> <span class='ocrx_word' id='word_1_249' title='bbox 1082 3881 1253 3983; x_wconf 87' lang='lat' dir='ltr'>gravioris</span> <span class='ocrx_word' id='word_1_250' title='bbox 1276 3885 1386 3982; x_wconf 88' lang='lat' dir='ltr'>lapsus</span> <span class='ocrx_word' id='word_1_251' title='bbox 1409 3884 1559 3961; x_wconf 90' lang='lat' dir='ltr'>redden·</span> 
     </span>
    </p>

    <p class='ocr_par' dir='ltr' id='par_1_7' title="bbox 301 3975 1572 4655">
     <span class='ocr_line' id='line_1_30' title="bbox 301 3975 1558 4086; baseline 0.002 -33"><span class='ocrx_word' id='word_1_252' title='bbox 301 4056 304 4061; x_wconf 66' lang='grc'><strong><em>,</em></strong></span> <span class='ocrx_word' id='word_1_253' title='bbox 341 3988 431 4063; x_wconf 65' lang='lat' dir='ltr'>dam.</span> <span class='ocrx_word' id='word_1_254' title='bbox 480 3979 552 4086; x_wconf 84' lang='lat' dir='ltr'>Qui</span> <span class='ocrx_word' id='word_1_255' title='bbox 577 3979 615 4052; x_wconf 93' lang='lat' dir='ltr'>in</span> <span class='ocrx_word' id='word_1_256' title='bbox 639 4001 685 4051; x_wconf 89' lang='lat' dir='ltr'>eo</span> <span class='ocrx_word' id='word_1_257' title='bbox 711 3975 780 4051; x_wconf 89' lang='lat' dir='ltr'>fuit</span> <span class='ocrx_word' id='word_1_258' title='bbox 803 3979 903 4073; x_wconf 88' lang='lat' dir='ltr'>srtus,</span> <span class='ocrx_word' id='word_1_259' title='bbox 946 3981 1039 4081; x_wconf 90' lang='lat' dir='ltr'>quod</span> <span class='ocrx_word' id='word_1_260' title='bbox 1071 3980 1110 4058; x_wconf 88' lang='lat' dir='ltr'>in</span> <span class='ocrx_word' id='word_1_261' title='bbox 1131 4004 1250 4055; x_wconf 89' lang='lat' dir='ltr'>earum</span> <span class='ocrx_word' id='word_1_262' title='bbox 1275 3981 1421 4079; x_wconf 86' lang='lat' dir='ltr'>gratiam</span> <span class='ocrx_word' id='word_1_263' title='bbox 1445 3980 1558 4055; x_wconf 90' lang='lat' dir='ltr'>admi·</span> 
     </span>
     <span class='ocr_line' id='line_1_31' title="bbox 341 4071 1555 4174; baseline -0.007 -15"><span class='ocrx_word' id='word_1_264' title='bbox 341 4080 425 4160; x_wconf 88' lang='lat' dir='ltr'>serit</span> <span class='ocrx_word' id='word_1_265' title='bbox 452 4101 523 4154; x_wconf 89' lang='lat' dir='ltr'>non</span> <span class='ocrx_word' id='word_1_266' title='bbox 549 4090 684 4147; x_wconf 86' lang='lat' dir='ltr'>tantum</span> <span class='ocrx_word' id='word_1_267' title='bbox 708 4071 926 4149; x_wconf 88' lang='lat' dir='ltr'>idololatriae</span> <span class='ocrx_word' id='word_1_268' title='bbox 950 4076 1161 4152; x_wconf 87' lang='lat' dir='ltr'>exercitium</span> <span class='ocrx_word' id='word_1_269' title='bbox 1184 4076 1223 4151; x_wconf 91' lang='lat' dir='ltr'>in</span> <span class='ocrx_word' id='word_1_270' title='bbox 1247 4102 1358 4174; x_wconf 89' lang='lat' dir='ltr'>regno</span> <span class='ocrx_word' id='word_1_271' title='bbox 1381 4077 1462 4167; x_wconf 92' lang='lat' dir='ltr'>su0,</span> <span class='ocrx_word' id='word_1_272' title='bbox 1494 4073 1555 4151; x_wconf 91' lang='lat' dir='ltr'>sed</span> 
     </span>
     <span class='ocr_line' id='line_1_32' title="bbox 340 4169 1554 4269; baseline -0.003 -19"><span class='ocrx_word' id='word_1_273' title='bbox 340 4174 475 4269; x_wconf 89' lang='lat' dir='ltr'>etipse</span> <span class='ocrx_word' id='word_1_274' title='bbox 499 4171 712 4268; x_wconf 84' lang='lat' dir='ltr'>aliquatenus</span> <span class='ocrx_word' id='word_1_275' title='bbox 738 4170 959 4259; x_wconf 86' lang='lat' dir='ltr'>exercuerit,</span> <span class='ocrx_word' id='word_1_276' title='bbox 1002 4173 1127 4268; x_wconf 91' lang='lat' dir='ltr'>absque</span> <span class='ocrx_word' id='word_1_277' title='bbox 1152 4191 1192 4246; x_wconf 92' lang='lat' dir='ltr'>ut</span> <span class='ocrx_word' id='word_1_278' title='bbox 1209 4192 1335 4246; x_wconf 37' lang='lat' dir='ltr'>*tamen</span> <span class='ocrx_word' id='word_1_279' title='bbox 1357 4169 1466 4247; x_wconf 91' lang='lat' dir='ltr'>cultui</span> <span class='ocrx_word' id='word_1_280' title='bbox 1491 4173 1554 4269; x_wconf 89' lang='lat' dir='ltr'>Je-</span> 
     </span>
     <span class='ocr_line' id='line_1_33' title="bbox 339 4263 1554 4362; baseline 0.004 -20"><span class='ocrx_word' id='word_1_281' title='bbox 339 4273 455 4350; x_wconf 87' lang='lat' dir='ltr'>hovae</span> <span class='ocrx_word' id='word_1_282' title='bbox 478 4263 760 4354; x_wconf 87' lang='lat' dir='ltr'>renunciaverit,</span> <span class='ocrx_word' id='word_1_283' title='bbox 802 4285 862 4339; x_wconf 86' lang='lat' dir='ltr'>aut</span> <span class='ocrx_word' id='word_1_284' title='bbox 887 4264 961 4362; x_wconf 91' lang='lat' dir='ltr'>ipse</span> <span class='ocrx_word' id='word_1_285' title='bbox 988 4266 1106 4341; x_wconf 88' lang='lat' dir='ltr'>animo</span> <span class='ocrx_word' id='word_1_286' title='bbox 1129 4266 1237 4341; x_wconf 88' lang='lat' dir='ltr'>fuerit</span> <span class='ocrx_word' id='word_1_287' title='bbox 1260 4265 1362 4340; x_wconf 78' lang='lat' dir='ltr'>idolis</span> <span class='ocrx_word' id='word_1_288' title='bbox 1383 4264 1554 4347; x_wconf 74' lang='lat' dir='ltr'>addietua</span> 
     </span>
     <span class='ocr_line' id='line_1_34' title="bbox 340 4357 1572 4462; baseline -0.006 -22"><span class='ocrx_word' id='word_1_289' title='bbox 340 4365 474 4462; x_wconf 89' lang='lat' dir='ltr'>Utique</span> <span class='ocrx_word' id='word_1_290' title='bbox 500 4363 573 4460; x_wconf 89' lang='lat' dir='ltr'>ipse</span> <span class='ocrx_word' id='word_1_291' title='bbox 597 4382 668 4434; x_wconf 89' lang='lat' dir='ltr'>non</span> <span class='ocrx_word' id='word_1_292' title='bbox 692 4357 801 4435; x_wconf 91' lang='lat' dir='ltr'>solum</span> <span class='ocrx_word' id='word_1_293' title='bbox 815 4360 910 4456; x_wconf 83' lang='lat' dir='ltr'>fana</span> <span class='ocrx_word' id='word_1_294' title='bbox 933 4359 1102 4436; x_wconf 82' lang='lat' dir='ltr'>exstruxit</span> <span class='ocrx_word' id='word_1_295' title='bbox 1127 4360 1327 4437; x_wconf 80' lang='lat' dir='ltr'>mulieribus</span> <span class='ocrx_word' id='word_1_296' title='bbox 1349 4361 1437 4451; x_wconf 89' lang='lat' dir='ltr'>suis,</span> <span class='ocrx_word' id='word_1_297' title='bbox 1462 4386 1572 4462; x_wconf 86' lang='lat' dir='ltr'>quae.</span> 
     </span>
     <span class='ocr_line' id='line_1_35' title="bbox 338 4455 1550 4555; baseline -0.004 -17"><span class='ocrx_word' id='word_1_298' title='bbox 338 4465 510 4544; x_wconf 74' lang='lat' dir='ltr'>altlebant</span> <span class='ocrx_word' id='word_1_299' title='bbox 535 4476 572 4533; x_wconf 92' lang='lat' dir='ltr'>et</span> <span class='ocrx_word' id='word_1_300' title='bbox 586 4456 826 4553; x_wconf 82' lang='lat' dir='ltr'>sacrificabant</span> <span class='ocrx_word' id='word_1_301' title='bbox 850 4456 932 4530; x_wconf 85' lang='lat' dir='ltr'>Diis</span> <span class='ocrx_word' id='word_1_302' title='bbox 949 4456 1042 4554; x_wconf 81' lang='lat' dir='ltr'>suis,</span> <span class='ocrx_word' id='word_1_303' title='bbox 1068 4484 1103 4533; x_wconf 91' lang='lat' dir='ltr'>v.</span> <span class='ocrx_word' id='word_1_304' title='bbox 1131 4469 1163 4540; x_wconf 90' lang='lat'>8.</span> <span class='ocrx_word' id='word_1_305' title='bbox 1190 4455 1248 4532; x_wconf 91' lang='lat' dir='ltr'>sed</span> <span class='ocrx_word' id='word_1_306' title='bbox 1274 4475 1310 4530; x_wconf 90' lang='lat' dir='ltr'>et</span> <span class='ocrx_word' id='word_1_307' title='bbox 1325 4484 1387 4534; x_wconf 67' lang='lat' dir='ltr'>vcor</span> <span class='ocrx_word' id='word_1_308' title='bbox 1403 4457 1477 4555; x_wconf 81' lang='lat' dir='ltr'>ejus</span> <span class='ocrx_word' id='word_1_309' title='bbox 1497 4463 1550 4533; x_wconf 80' lang='lat' dir='ltr'>in·</span> 
     </span>
     <span class='ocr_line' id='line_1_36' title="bbox 337 4550 1553 4655; baseline -0.01 -15"><span class='ocrx_word' id='word_1_310' title='bbox 337 4564 494 4640; x_wconf 72' lang='lat' dir='ltr'>clinnum</span> <span class='ocrx_word' id='word_1_311' title='bbox 515 4553 617 4632; x_wconf 79' lang='lat' dir='ltr'>fuiffe</span> <span class='ocrx_word' id='word_1_312' title='bbox 643 4550 774 4631; x_wconf 90' lang='lat' dir='ltr'>dicitur</span> <span class='ocrx_word' id='word_1_313' title='bbox 796 4552 841 4633; x_wconf 87' lang='lat' dir='ltr'>ad</span> <span class='ocrx_word' id='word_1_314' title='bbox 871 4555 972 4634; x_wconf 80' lang='lat' dir='ltr'>Deos</span> <span class='ocrx_word' id='word_1_315' title='bbox 998 4554 1152 4648; x_wconf 76' lang='lat' dir='ltr'>alienor,</span> <span class='ocrx_word' id='word_1_316' title='bbox 1185 4551 1260 4633; x_wconf 86' lang='lat' dir='ltr'>imo</span> <span class='ocrx_word' id='word_1_317' title='bbox 1276 4557 1321 4630; x_wconf 79' lang='lat' dir='ltr'>br·</span> <span class='ocrx_word' id='word_1_318' title='bbox 1347 4581 1364 4630; x_wconf 86' lang='lat' dir='ltr'>e</span> <span class='ocrx_word' id='word_1_319' title='bbox 1383 4552 1455 4655; x_wconf 85' lang='lat' dir='ltr'>post</span> <span class='ocrx_word' id='word_1_320' title='bbox 1475 4578 1553 4646; x_wconf 83' lang='lat' dir='ltr'>eos,</span> 
     </span>
    </p>

    <p class='ocr_par' dir='ltr' id='par_1_8' title="bbox 354 4669 1555 4731">
     <span class='ocr_line' id='line_1_37' title="bbox 354 4669 1555 4731; baseline 0.003 -8"><span class='ocrx_word' id='word_1_321' title='bbox 354 4724 358 4731; x_wconf 85' lang='grc'>,</span> <span class='ocrx_word' id='word_1_322' title='bbox 983 4684 986 4691; x_wconf 95' lang='grc'><strong><em>·</em></strong></span> <span class='ocrx_word' id='word_1_323' title='bbox 1512 4669 1555 4727; x_wconf 76' lang='lat' dir='ltr'>et</span> 
     </span>
    </p>
   </div>
   <div class='ocr_carea' id='block_1_3' title="bbox 1296 4815 1358 4875">
    <p class='ocr_par' dir='ltr' id='par_1_9' title="bbox 1296 4815 1358 4875">
     <span class='ocr_line' id='line_1_38' title="bbox 1296 4815 1358 4875; baseline 0 0"><span class='ocrx_word' id='word_1_324' title='bbox 1296 4815 1308 4861; x_wconf 78' lang='lat' dir='ltr'>l</span> <span class='ocrx_word' id='word_1_325' title='bbox 1344 4855 1358 4875; x_wconf 43' lang='grc' dir='ltr'><em>κ</em></span> 
     </span>
    </p>
   </div>
   <div class='ocr_carea' id='block_1_4' title="bbox 0 0 1792 5884">
    <p class='ocr_par' dir='ltr' id='par_1_10' title="bbox 0 0 1792 5884">
     <span class='ocr_line' id='line_1_39' title="bbox 0 0 1792 5884; baseline 0 11"><span class='ocrx_word' id='word_1_326' title='bbox 0 0 1792 5884; x_wconf 95' lang='lat' dir='ltr'> </span> 
     </span>
    </p>
   </div>
  </div>
 </body>
</html>
