3575 5884
726 1158 882 1247 aaron:
904 1168 1023 1247 Serta.
1415 1174 1487 1269 369

261 1348 329 1434 &d
353 1346 425 1427 rr'ec¹
450 1344 517 1426 iste
541 1343 719 1425 laudabilis
743 1348 853 1426 status
875 1348 938 1426 diu
961 1346 1114 1428 duravit.
1161 1348 1261 1427 Prola
1285 1348 1340 1427 sut
1366 1350 1485 1443 enim,

261 1446 446 1530 Nehemia
475 1446 647 1537 absente,
692 1443 743 1520 est
773 1447 812 1521 in
840 1446 1004 1544 graviora
1033 1440 1153 1540 vitia,
1195 1470 1218 1546 q
1278 1448 1285 1462 ‘
1343 1445 1486 1523 suerum

261 1548 386 1625 illicita
414 1542 601 1641 conjugia,
625 1540 779 1617 divortia
804 1543 1009 1644 temeraria,
1042 1542 1198 1620 sabbathi
1223 1541 1393 1635 violatio,
1424 1543 1485 1617 de·

261 1647 456 1729 rimarum,
487 1639 627 1713 Levitis
650 1638 867 1731 debitarum,
902 1639 1094 1732 inhibitio,
1126 1640 1280 1740 indeque
1301 1660 1380 1715 orta
1405 1637 1486 1714 reli·

261 1736 385 1914 §onis
409 1735 572 1845 publicae
595 1734 760 1822 cessatio:
785 1737 910 1834 quibus
934 1737 1075 1811 obicem
1101 1759 1236 1834 ponere
1260 1757 1408 1812 conatus
1434 1733 1486 1810 est

305 1837 476 1922 ehemra,
517 1832 625 1905 altera
650 1831 732 1906 vice
762 1830 800 1906 in
836 1832 1001 1931 Judaeam
1034 1834 1203 1907 reversus.
1258 1832 1490 1909 Accesserant

262 1931 416 2026 denique
451 1927 749 2023 expostulationes
784 1929 906 2028 populi
941 1953 1021 2003 cum
1045 1932 1149 2021 Deo,
1190 1928 1263 2002 live
1296 1926 1485 2040 inprobae,

262 2030 380 2128 super·
396 2023 529 2098 servili·
544 2043 582 2096 et
606 2024 812 2121 inprospera
837 2024 1046 2100 conditione
1071 2027 1148 2116 sua,
1189 2044 1227 2099 et
1251 2024 1348 2099 selicr
1373 2051 1485 2124 popu·

261 2129 381 2200 lorum
405 2120 628 2209 vicinorum,
654 2139 817 2216 tanquam
840 2120 978 2193 indicio
1005 2122 1136 2196 favoris
1159 2121 1229 2195 Dei
1256 2145 1339 2217 erga
1363 2123 1484 2219 inpro-

265 2226 353 2308 bos,
381 2219 454 2290 live
470 2216 701 2312 inportunae,
727 2235 766 2289 et
789 2239 835 2291 ex
852 2216 1047 2291 diffidentia
1074 2237 1190 2307 ortae,
1217 2217 1320 2313 super
1344 2217 1486 2314 piorum

263 2338 305 2393 et
331 2313 512 2411 inpiorum
538 2308 763 2401 discrimine,
790 2311 829 2386 in
854 2312 969 2403 sorte,
995 2314 1075 2412 ipfis
1098 2336 1272 2410 congrua,
1300 2336 1374 2386 non
1402 2336 1487 2387 con·

262 2415 411 2510 spicue:
457 2431 602 2505 quarum
637 2412 715 2482 illae
744 2410 787 2482 ab
821 2407 1000 2506 inprobis,
1042 2412 1102 2484 lrae
1128 2435 1148 2483 a
1173 2407 1350 2507 probioris
1381 2409 1489 2485 animi

267 2507 382 2595 viris,
405 2502 584 2602 profetae
607 2502 749 2578 fuerunt
773 2504 866 2578 inter
891 2507 1063 2601 Judaeos,
1089 2525 1126 2579 et
1149 2506 1363 2580 aMalachia
1387 2505 1488 2578 exhi·

270 2609 453 2681 benturac
470 2601 687 2692 refutantur,
714 2605 842 2676 illaec.
868 2605 914 2674 II:
945 2604 1262 2694 17.·-III:-rn.,
1286 2605 1346 2676 lure
1370 2624 1401 2675 c.
1420 2603 1487 2677 III:

271 2725 331 2798 13.
358 2699 402 2773 ad
419 2698 481 2771 fin.
505 2698 567 2771 lib.
591 2697 636 2771 de
662 2720 732 2794 quo
748 2697 835 2772 Vid.
864 2700 1001 2772 Comm.
1027 2697 1147 2770 noster
1162 2698 1204 2769 ad
1221 2700 1332 2789 Mal,
1356 2697 1418 2770 hic
1435 2716 1487 2771 te·

266 2796 388 2897 tigiffe
411 2780 607 2869 suffecerit.

312 2893 347 2991 §.
374 2890 594 2965 CCCLXXI.
639 2887 803 2986 Superest
823 2888 871 2983 ,de
904 2886 994 2962 statu
1022 2908 1060 2963 et
1088 2885 1169 2962 satis
1200 2886 1430 2965 Israelitarum
1453 2908 1491 2964 et

267 2989 509 3086 judaeorum,
541 2984 579 3058 in
605 2986 708 3058 terris
733 2984 1184 3082 peregrinis-degentium,
1220 2986 1348 3084 aliquid
1374 2988 1488 3060 obser-

270 3103 410 3159 vemus.
455 3080 616 3156 biansrlle
634 3082 750 3177 plures
769 3080 806 3152 in
817 3079 976 3192 Assyria,
1001 3081 1145 3170 Media,
1171 3083 1379 3180 Babylonia,
1407 3085 1489 3157 ΑΕ·

318 3198 410 3277 pto,
435 3194 472 3249 et
487 3175 561 3251 aliis
590 3177 815 3274 regionibus,
841 3199 964 3274 utrque
994 3177 1064 3251 hoc
1089 3179 1298 3270 intervallo,
1323 3204 1370 3254 ex
1392 3177 1490 3253 libris

268 3205 403 3364 grae,
436 3272 614 3362 Nehem.,
649 3291 687 3345 et
709 3271 845 3346 Esther.
881 3271 1102 3348 manifestum
1126 3271 1197 3363 est:
1223 3296 1404 3374 praeterea
1427 3298 1491 3348 ex·

269 3370 491 3448 hortationes
519 3369 556 3443 in
581 3369 677 3443 libris
696 3370 826 3465 Jerem.
851 3393 893 3444 ac
918 3369 1024 3446 Zach.
1051 3370 1198 3459 obviae,
1242 3372 1366 3466 quibus
1392 3369 1491 3442 exci-

269 3486 392 3543 tantur
417 3466 461 3540 ad
483 3465 633 3565 patriam
650 3466 906 3563 repetendam,
932 3489 998 3563 pro
1023 3466 1073 3565 hy
1100 3465 1213 3539 othesr
1237 3466 1379 3537 habent.
1429 3463 1491 3537 ei·

271 3567 355 3640 tabo
380 3585 475 3638 nunc
501 3582 638 3636 tantum
663 3561 735 3635 duo
757 3563 855 3651 loca,
881 3585 990 3635 unum
1017 3492 1153 3658 exiet.
1180 3561 1314 3634 XXXI:
1342 3581 1402 3647 ar,
1428 3581 1490 3638 aa.

269 3662 418 3736 alterum
451 3682 498 3732 ex
524 3658 629 3734 Zach.
662 3659 710 3734 II:
746 3682 802 3733 ro.
850 3656 951 3732 Prior
985 3659 1082 3731 locus
1114 3678 1159 3728 eo
1193 3654 1245 3731 est
1277 3655 1491 3750 notabilior,

271 3757 369 3856 quod
387 3753 471 3831 inde
493 3774 633 3924 pateat,
664 3754 792 3828 multos
817 3753 854 3829 in
881 3753 984 3827 terris
1006 3749 1203 3851 peregrinis
1226 3752 1403 3846 manfiffe,
1426 3755 1490 3831 ali·

271 3879 334 3944 os,
359 3851 455 3951 quod
479 3849 490 3923 i
517 3849 694 3924 ololatriae
710 3849 865 3924 nondum
881 3850 1023 3947 penitus
1045 3848 1356 3944 renunciaverant,
1381 3850 1488 3941 alios,

296 3949 368 4024 uod
394 3946 615 4022 commodius
637 3946 804 4021 viverent
827 3948 864 4020 in
880 3944 989 4020 exilio
1004 3969 1046 4020 ac
1062 3944 1207 4038 lautius,
1232 3967 1270 4022 et
1295 3949 1339 4024 de
1355 3947 1491 4047 patriae

324 4065 364 4120 tu
394 4041 510 4116 minus
544 4043 640 4118 reite
673 4041 862 4116 sentirent:
902 4060 943 4116 ut
973 4041 1012 4116 in
1036 4046 1170 4118 Comm.
1197 4045 1238 4119 ad
1264 4048 1335 4142 Jer.
1371 4042 1489 4116 obser·

272 4141 371 4218 vavi.
398 4137 469 4235 Jos.
494 4139 620 4238 Antiq.
646 4141 711 4220 XI:
738 4159 773 4229 5.
798 4136 924 4229 tradit,
947 4142 1054 4215 decem
1070 4144 1177 4215 tribas
1202 4142 1297 4240 usque
1313 4146 1346 4212 in
1366 4138 1490 4212 ludier·

271 4262 350 4315 mtm
372 4239 456 4308 diem
480 4238 552 4309 loca
577 4241 667 4312 altra
703 4237 904 4333 Euphratem
936 4240 1058 4328 colere,
1084 4238 1215 4336 infinita
1243 4239 1401 4310 luminum
1417 4239 1492 4311 mil·

274 4338 345 4424 lia,
365 4358 424 4408 nec
442 4337 651 4408 nurneranda.
698 4331 893 4425 israelitae,
922 4331 1010 4407 sicut
1023 4357 1190 4431 regnum,
1215 4332 1318 4405 itaet
1335 4351 1489 4420 nomen,

271 4452 293 4505 a
311 4428 450 4527 Judaeis
466 4428 661 4521 diversum,
689 4427 937 4524 perdiderunt,
962 4455 1082 4507 omnes
1100 4458 1120 4506 a
1137 4429 1225 4527 Juda
1247 4423 1408 4520 adpellari
1426 4427 1491 4532 Ju-

275 4525 373 4614 daei,
398 4546 438 4599 ut
458 4526 529 4621 Jos.
556 4530 641 4602 Ant.
668 4526 731 4599 XI:
757 4546 791 4616 5.
817 4527 925 4602 etiam
944 4527 1163 4614 observavit,
1187 4541 1229 4594 ac
1253 4543 1333 4595 cum
1349 4520 1491 4619 Judaets
1586 4619 1594 4623 -

272 4621 580 4797 inTunuerursus
609 4622 780 4723 populum
804 4626 1031 4795 coalperunt,
1053 4623 1143 4712 adeo
1168 4615 1297 4710 etiam,
1323 4636 1362 4690 ut
1385 4635 1496 4710 quot·¹
1563 4620 1583 4628 “’

278 4780 283 4791 .
349 4742 409 4801 om,
478 4777 487 4795 .
924 4736 971 4796 aa
1401 4730 1492 4814 quor
