3575 5884
526 1067 530 1073 ¹
636 1130 656 1144 ·“
699 1120 874 1204 'tertona
896 1123 1061 1227 sperma}
1139 1144 1143 1153 ·
1412 1113 1500 1237 'roy

262 1304 400 1385 namt
424 1299 640 1401 Antipater,
671 1325 735 1402 per
760 1305 928 1404 Judaeam
954 1305 993 1382 in
1018 1296 1155 1404 Syriam
1182 1303 1351 1398 tendent,
1386 1306 1494 1403 Anti·¹

268 1422 414 1503 patrum
438 1419 704 1497 procuratorem
729 1403 903 1498 judaeae,
927 1420 965 1475 et
990 1405 1109 1478 civem
1137 1402 1336 1479 Romanum
1363 1400 1494 1497 consti·-

273 1499 367 1589 tuit,
392 1498 602 1594 Hyrcanum
627 1497 664 1569 in
680 1497 895 1573 Pontificatu
922 1518 996 1569 non
1025 1517 1180 1586 tantum,
1205 1498 1266 1571 sed
1291 1518 1329 1573 et
1344 1498 1494 1573 Ethn'ar·

267 1597 412 1683 chatu,
432 1593 562 1666 abolita
584 1589 801 1669 aristocratia
829 1613 849 1663 a
876 1589 1033 1665 Gabinio
1060 1590 1281 1685 introduiia,
1309 1592 1495 1669 confirma·
1629 1592 1636 1604 '

272 1691 363 1779 vit,
427 1688 546 1761 udaeis
584 1710 725 1785 quoque
756 1704 879 1761 uetera
906 1687 986 1784 jura
1018 1705 1055 1760 et
1081 1686 1272 1796 privilegia
1309 1685 1495 1784 restituit,

271 1782 483 1957 ῗῖῗὲἒίἐῗῗ
501 1781 1109 1974 lllltssllzlissn‘liilli
1134 1782 1496 1974 llllloinsilitll

269 1997 418 2076 quoque
442 1953 478 2047 C⁴
517 1973 621 2047 itolio
638 1933 783 2047 ’Romae
808 1973 880 2070 Jos.
911 1973 999 2049 Ant.
1024 1973 1047 2047 l.
1073 1996 1108 2048 c.
1153 1935 1380 2049 Renovaium
1410 1904 1495 2067 ἀξίῃ

272 2075 385 2148 etiam
411 2069 463 2145 est
504 2068 611 2142 oedus
639 2087 721 2142 cum
743 2066 916 2143 Romania
941 2068 1162 2166 perlegatur
1183 2067 1422 2166 Judaeorum,
1448 2072 1494 2163 ab

275 2171 450 2264 Hyrcano
469 2167 619 2238 Romam
642 2163 781 2253 milior,
806 2164 866 2259 qui
883 2159 989 2237 etiam
1011 2160 1193 2243 licentiam
1209 2162 1494 2261 Hierosolymam

272 2261 478 2350 muniendi,
518 2282 560 2333 ac
581 2282 721 2349 muros,
758 2282 827 2367 per
850 2256 1058 2353 Pompeium
1076 2256 1294 2351 destruitur,
1333 2259 1493 2351 reaedifi·

273 2357 381 2437 candi
399 2358 631 2453 inpetrarunt.
679 2355 768 2429 Anti
815 2372 871 2428 ter
890 2352 1047 2443 interea,
1065 2352 1259 2430 dominatui
1275 2357 1337 2443 suo
1354 2356 1495 2449 firman,-

275 2459 326 2532 do
352 2453 526 2541 intentus,
553 2449 640 2525 duos
661 2450 741 2524 suos
805 2449 857 2522 ‘or
879 2447 1081 2523 Phasaelum
1104 2472 1147 2525 ac
1173 2450 1380 2541 Herodem,
1405 2450 1492 2545 viri·

272 2555 347 2627 lem
365 2548 436 2644 jam
456 2547 603 2645 adeptor
626 2565 803 2636 aetatem,
830 2541 989 2644 (Herodi
1007 2543 1174 2641 -quidem¹
1188 2568 1234 2637 15
1256 2546 1340 2635 anni
1364 2546 1492 2637 dantur

274 2673 297 2723 a
321 2644 412 2741 Jos.,
437 2643 496 2717 sed
510 2642 640 2719 vitiosa
661 2641 838 2731 lellione,
860 2637 934 2736 legi
950 2635 1047 2713 enim
1069 2639 1177 2715 debet
1194 2630 1264 2732 is,
1290 2661 1330 2717 ut
1345 2643 1400 2716 ab
1416 2643 1494 2718 aliie

287 2765 344 2818 am
376 2738 428 2812 est
454 2737 678 2812 observatum
731 2734 899 2835 regimini
921 2732 1107 2826 admovit,
1130 2733 1242 2809 ¹illum
1302 2735 1494 2825 raefeilunp

266 2746 569 2941 llierosolymne‚
586 2834 647 2906 seu
685 2855 809 2941 ucem,
826 2827 1064 2941 constituens,
1082 2831 1179 2907 hunc
1197 2829 1233 2905 G
1312 2854 1377 2921 ete,
1389 2855 1493 2945 praep

269 2932 418 3008 ficiens:
445 2951 504 3021 qur
529 2926 718 3020 praeclaris
735 2927 804 3001 suia
827 2925 930 3003 fatlu
952 2926 1024 3002 sese
1047 2951 1087 3002 rn
1114 2947 1262 3022 gratiam
1284 2931 1409 3026 populi
1436 2929 1493 3022 ita·

271 3029 474 3101 smuarunt:
506 3020 592 3095 licet
613 3042 685 3094 non
707 3020 905 3114 defuerint,
948 3022 1073 3119 quibus
1096 3022 1357 3119 supereminent
1382 3024 1493 3103 Anti·

300 3117 391 3207 atri,
424 3116 562 3213 ejusque
587 3113 732 3208 domus,
769 3119 937 3194 autoritas
962 3140 1067 3215 aegre
1090 3115 1220 3211 fuerit,
1254 3138 1292 3192 et
1317 3120 1492 3215 invidiam

265 3212 469 3292 creaverit:
502 3213 560 3286 sed
584 3210 675 3287 nihil
695 3210 811 3286 damni
837 3213 970 3289 inferre
994 3215 1200 3315 valuerunt,
1243 3238 1328 3314 prae
1355 3218 1493 3299 Roma·

264 3334 399 3393 morum
424 3327 461 3382 et
484 3308 647 3408 Hyrcani
673 3308 857 3388 Pontificio
882 3309 1019 3385 favore.

317 3408 350 3507 §.
375 3407 515 3481 XDIV.
556 3404 748 3501 Fortunata
758 3404 856 3479 naec
877 3407 1095 3504 Judaeorum
1127 3403 1291 3485 conditio
1313 3429 1386 3482 non
1419 3406 1494 3489 fuit

271 3503 459 3591 diuturna,
490 3499 549 3574 led
572 3498 674 3574 brevi
700 3496 780 3594 post
798 3499 901 3576 varie
928 3505 1083 3591 turbata,
1115 3499 1199 3581 dein
1223 3500 1336 3574 finita
1383 3500 1499 3581 Mali..

271 3596 357 3689 chi,
379 3596 451 3670 viri
476 3592 654 3693 potentis,
680 3594 805 3692 Judaei
828 3596 992 3695 origine,
1027 3593 1151 3670 summi
1178 3616 1331 3703 quoque,
1346 3599 1491 3693 patroni

265 3690 457 3792 Hyrcani,
484 3688 541 3764 sed
558 3689 762 3790 Antipatri,
788 3691 873 3767 licet
928 3691 1058 3779 ietate‚
1081 3686 1217 3786 justina
1244 3713 1287 3765 ac
1310 3688 1426 3770 studio
1450 3695 1491 3775 in

264 3807 418 3888 gentem
445 3785 633 3883 Judaeam,
673 3786 862 3863 secundum
894 3717 965 3886 fos.
991 3790 1014 3863 l.
1041 3785 1145 3860 XIV:
1174 3808 1231 3863 11.
1262 3791 1489 3887 excellentis,

266 3883 424 3972 aemuli,
449 3881 733 3978 conspiratione,
756 3908 844 3980 quae
861 3905 986 3959 contra
1009 3905 1112 3971 eum,
1138 3903 1241 3978 quem
1266 3908 1333 3980 per
1348 3888 1492 3988 pincer-

269 3999 354 4055 nam
377 3976 580 4066 Pontificis,
604 4000 746 4052 veneno
761 3979 977 4076 propinatu,
1005 3975 1162 4055 emedio
1187 3976 1344 4073 sustulit,
1369 4002 1406 4055 et
1423 3982 1489 4073 do·

270 4088 369 4150 'mum
396 4075 490 4170 ejus,
523 4073 611 4147 inita
636 4092 731 4165 erat,
762 4095 801 4148 et
826 4077 870 4150 ad
893 4076 1021 4151 bellum
1046 4072 1154 4149 civile
1179 4075 1376 4174 sperabat,
1409 4075 1489 4150 feli·

265 4171 364 4246 citer
378 4167 576 4242 terminata
588 4191 655 4264 per
673 4170 748 4266 ejus
775 4193 923 4262 necem,
948 4176 991 4247 ab
1008 4169 1158 4247 Herode
1183 4188 1424 4269 procuratam,
1448 4190 1490 4251 et

269 4266 390 4341 fratris
413 4264 563 4339 Malichi
591 4262 781 4338 factionem
813 4269 1086 4342 tumultuantem
1121 4267 1334 4364 oppreffam:
1377 4266 1487 4344 Anti·

271 4384 405 4460 gomor,
431 4360 525 4434 filius
537 4358 754 4450 Aristobuli‚
766 4360 901 4438 tranis.
912 4362 1096 4462 Hyrcani,
1115 4361 1154 4437 in
1173 4363 1311 4437 scenam
1326 4362 1485 4458 prodiit,

268 4474 313 4531 tit
345 4456 578 4553 principatum
607 4457 779 4555 Hyrcano
811 4479 972 4557 ereptum
1007 4460 1070 4536 fibi
1102 4455 1312 4564 vindicaret.
1363 4457 1423 4532 Bis
1448 4458 1499 4536 in.

261 4551 438 4656 Judaeam
463 4554 614 4632 collecto
638 4553 801 4634 exercitu
823 4556 896 4726 istrsu
921 4557 971 4649 it,
1003 4556 1064 4635 sed
1083 4556 1191 4654 prr'ort
1208 4573 1319 4646 uice,
1353 4555 1448 4739 lilpteot¹
1465 4577 1487 4635 a

918 4673 943 4730 a
1367 4730 1374 4737 .
1449 4659 1488 4737 al
