3575 5884
288 1172 367 1258 484
634 1158 782 1260 Iistoria
804 1155 1106 1259 Ectieſsaflita·7.
1131 1151 1174 1233 Τ.
1275 1201 1278 1206 -

295 1366 435 1436 tamen,
461 1342 552 1419 intra
571 1340 853 1438 Hierosolymam
869 1340 1053 1431 admissus,
1076 1362 1161 1414 mox
1180 1336 1296 1436 aliqua
1304 1358 1418 1509 ἔξω
1434 1339 1515 1419 vio-

294 1440 403 1531 lavit,
428 1441 645 1516 munimenta
667 1437 812 1533 Templi
842 1438 1025 1511 diruendo.
1072 1434 1280 1515 Demetrius
1350 1435 1407 1529 in,
1432 1462 1513 1514 cum

295 1561 442 1635 regnum
463 1535 603 1635 Syriae,
636 1534 816 1628 Eupatore
840 1532 1051 1630 cum'Lysra
1072 1555 1093 1607 e
1118 1531 1238 1606 medio
1265 1531 1431 1625 subiato„
1454 1560 1513 1611 oc·

295 1634 468 1732 cupaffet,
509 1629 674 1725 utsupra
699 1628 760 1701 suo
786 1631 1016 1718 locoretuli,
1057 1628 1099 1701 ab
1125 1628 1290 1719 Alcimo,
1333 1629 1508 1706 inlocum

294 1730 473 1816 Menelai,
496 1728 540 1799 ab
555 1726 734 1821 Eupatore
757 1723 882 1799 infami
903 1744 1019 1799 morte
1043 1722 1192 1814 adsciti,
1227 1721 1405 1798 Ponti'fice
1423 1727 1510 1801 elec·

292 1850 353 1916 to,
379 1824 437 1899 sed
462 1845 483 1894 a
506 1821 646 1918 Judacis
674 1842 746 1893 non
772 1820 937 1911 admisso,
963 1820 1150 1909 incitatus,
1184 1820 1311 1893 bellum
1339 1843 1424 1895 curn
1451 1825 1512 1920 Jus'

291 1924 335 2001 da
354 1920 544 1995 renovavit
568 1940 631 2013 per
655 1914 1077 2012 Bacchidem,‚satrapam
1095 1913 1397 2012 Mesopotamiae,
1423 1941 1512 1993 con·

290 2038 345 2096 tra
353 2015 513 2187 <Judaeos
530 2037 610 2107 cum
627 2010 791 2102 Alcimo,
815 2031 853 2085 et
871 2012 1017 2108 ingente
1033 2010 1215 2101 exercitu,
1240 2009 1385 2086 missum.
1419 2015 1507 2087 Bac·
1532 2058 1537 2069 ·

291 2114 352 2193 chi
377 2136 435 2202 es,
471 2109 580 2207 Judae
606 2107 830 2204 prudentiam
855 2126 892 2183 et
912 2107 1178 2197 tortitudinem,
1204 2104 1268 2181 sibi
1293 2107 1404 2203 probe
1420 2131 1505 2207 cog·

290 2211 424 2296 nitam,
449 2224 630 2292 metuens,
657 2204 738 2282 doio
763 2204 875 2299 ipsum
900 2203 1180 2290 circumvenire,
1205 2220 1245 2277 et
1270 2203 1316 2275 ad
1340 2201 1397 2293 se,
1421 2208 1508 2279 mul·

289 2309 338 2384 tis
361 2327 441 2381 cum
468 2299 645 2375 amicitiae
676 2298 801 2394 signis,
841 2298 992 2373 invitare
1019 2298 1174 2395 incepit:
1215 2297 1275 2371 sed
1305 2297 1433 2396 Judat,
1470 2301 1505 2376 ei

288 2427 362 2479 non
389 2401 521 2484 fidens,
559 2394 629 2469 sese
655 2393 696 2467 ad
725 2416 805 2467 eum
831 2394 1106 2492 oppugnandum
1142 2391 1321 2485 adcinxit,
1364 2394 1506 2492 nequic-

286 2519 391 2673 Ἄιιιιιι
427 2491 528 2565 aliter
558 2488 778 2564 suadentibus
819 2489 937 2562 multis
970 2488 1264 2578 Chasrdaeorum,
1307 2489 1433 2564 melius
1463 2492 1507 2566 de

324 2593 429 2669 lcimo
453 2585 688 2684 sperantibus„
715 2585 776 2680 qui
802 2605 940 2674 tamen,
967 2585 1213 2681 experimento
1235 2583 1418 2659 fidelitatis
1433 2588 1506 2683 ejus

284 2712 327 2766 ca
346 2678 411 2777 'to,
437 2682 471 2757 se
496 2680 665 2778 deceptos
696 2680 765 2755 esse
799 2681 997 2770 senserunt3
1040 2704 1121 2755 cum
1147 2679 1242 2754 enim
1266 2679 1312 2755 ad
1338 2704 1420 2755 eum
1449 2705 1504 2756 ac·

286 2811 328 2861 ce
357 2782 476 2867 rffent,
501 2797 541 2851 ut
564 2800 644 2850 cum
672 2801 717 2849 eo
744 2795 907 2876 agerent,
934 2775 1112 2873 sexaginta
1137 2798 1260 2851 eorum
1285 2799 1373 2853 mox
1390 2781 1431 2853 ab
1448 2776 1503 2874 ip·

284 2880 322 2954 so
348 2877 443 2970 capti
471 2892 509 2942 et
528 2871 634 2942 occisr
658 2871 746 2945 sunt.
768 2884 771 2891 ’
794 2871 899 2967 Judas
925 2872 1061 2970 itaque,
1090 2873 1129 2945 in
1155 2871 1341 2970 proposito
1367 2872 1498 2958 confir·

283 2992 416 3055 matus,
450 2962 579 3038 restitit
605 2964 747 3039 Alcimo
774 2966 940 3058 sortiter,
973 2966 1124 3053 maxime
1151 2966 1333 3065 postquam
1358 2968 1500 3043 Bacchi·

282 3071 344 3147 des
369 3088 449 3137 eum
477 3061 687 3151 deseruerit,
731 3080 767 3136 et
792 3062 1021 3138 Antiochiam
1054 3062 1219 3152 redierit,
1259 3086 1336 3137 rem
1362 3065 1502 3145 efficere

310 3162 379 3236 offe
403 3155 506 3232 armis
523 3157 725 3252 desperans,
751 3180 830 3232 cum
848 3157 940 3231 fraus
966 3183 1038 3232 non
1057 3159 1270 3234 succeffisiet.
1317 3161 1400 3257 Ipse
1416 3185 1501 3258 quo·

282 3283 350 3359 que
374 3252 554 3341 Alcimus,
579 3253 674 3325 varia
701 3253 797 3327 clade
823 3276 843 3328 a
867 3253 956 3349 Juda
983 3254 1159 3345 adfectus,
1184 3254 1377 3330 consultius
1400 3254 1500 3332 duxit

282 3378 405 3457 regem
432 3373 570 3448 quoque
603 3347 721 3439 adire,
762 3370 801 3421 ut
828 3350 977 3444 majores
1009 3351 1203 3446 inpetraret
1236 3373 1281 3425 co
1309 3350 1381 3427 ias:
1470 3350 1496 3410 ’-

284 3459 349 3532 bus
375 3445 579 3547 inpetratis,
607 3467 686 3518 cum
712 3468 809 3517 novo
830 3444 919 3518 duce
947 3442 1149 3538 Nicanore,
1183 3444 1258 3519 infe
1297 3375 1497 3617 rffimojii·

281 3552 448 3624 dacorum
473 3539 592 3630 hoste,
630 3539 736 3615 rediit
761 3541 798 3614 in
822 3541 999 3636 Judaeam.
1047 3543 1114 3615 Sed
1150 3542 1332 3635 Nicanor,
1371 3544 1420 3713 gu
1443 3567 1497 3618 am

281 3662 461 3729 metuens,
495 3636 592 3734 pacis
626 3635 848 3712 conditiones
874 3656 969 3712 tanta
1002 3659 1081 3711 curn
1110 3636 1309 3713 sinceritate
1346 3661 1369 3711 o
1395 3638 1494 3729 tulit,

283 3760 323 3817 ur
356 3761 374 3809 a
409 3735 497 3830 Juda
531 3733 665 3806 fuerint
695 3733 876 3824 admissae,
918 3753 956 3804 er
989 3731 1063 3828 ipse
1089 3733 1357 3829 Hierosolymae
1387 3733 1496 3809 fuerit

280 3849 463 3928 receptus,
497 3849 534 3902 et
560 3829 708 3925 pacifice
734 3830 858 3926 egerit.
908 3828 1012 3929 Quod
1036 3828 1228 3925 aegerrime
1254 3829 1374 3903 ferens
1397 3829 1493 3905 Alci·

280 3955 377 4017 rnus,
401 3947 521 4020 regem
538 3925 653 3998 denuo
680 3925 788 4014 adiit,
814 3925 1035 3997 Nicanorem
1059 3925 1240 4013 accusans,
1264 3948 1306 3997 ac
1336 3925 1422 3999 beili
1438 3949 1489 3999 re·

279 4019 507 4107 novationem
533 4040 676 4113 petens:
719 4044 785 4094 nec
810 4021 961 4095 successu
991 4021 1114 4095 caruit.
1162 4018 1275 4094 Ruit
1306 4021 1405 4093 enim
1430 4044 1489 4097 rex

278 4123 377 4222 pacis
405 4112 644 4205 conditiones,
686 4136 723 4188 et
750 4115 924 4190 Nicanori
954 4118 990 4189 in
1018 4117 1184 4189 mandatis
1207 4044 1327 4205 dedit,
1370 4135 1411 4190 ut
1434 4118 1491 4213 Ju-

280 4221 403 4293 dame
430 4208 547 4286 medio
573 4211 720 4285 tolleret.
770 4210 852 4309 Quo
869 4212 958 4306 jussu
984 4231 1154 4309 accept0,
1180 4230 1219 4284 ut
1247 4208 1282 4282 ei
1309 4214 1490 4309 obtempe-

278 4333 391 4399 raret,
427 4307 549 4404 Judam
574 4304 725 4410 primum
750 4306 832 4380 dolo
858 4306 894 4377 in
920 4306 1130 4400 potestatem
1157 4306 1318 4403 redigere
1346 4328 1490 4382 conatus

280 4411 352 4497 est,
376 4405 477 4492 dein,
502 4427 582 4477 cum
606 4400 688 4470 rllud
718 4423 789 4472 non
813 4400 1035 4492 succederet,
1061 4425 1098 4476 et
1115 4402 1218 4499 Judas
1241 4398 1311 4475 alio
1335 4403 1371 4476 se
1395 4425 1491 4477 rece·

278 4506 403 4607 pidet,
443 4499 485 4570 ad
507 4499 620 4593 ipsum
653 4495 744 4567 bello
771 4497 1044 4589 oppugnandum
1071 4500 1105 4570 sc
1138 4493 1308 4589 adcinxit.
1356 4497 1492 4573 Praelio

277 4625 361 4683 cum
390 4615 503 4677 turma
528 4595 740 4699 Judaeotum
770 4587 916 4684 habito,
948 4591 1041 4676 haud
1074 4592 1197 4691 procul
1222 4591 1498 4697 Hierosolyma,

1456 4706 1497 4765 et
