3575 5884
1016 1084 1047 1153 (
1118 1128 1127 1135 .

1260 1220 1279 1239 ‘
1366 1158 1377 1177 ι
1456 1224 1769 1303 Pet-fodri?
1811 1200 2100 1334 Quinta}
2181 1232 2196 1241 '
2287 1206 2308 1247 ³
2401 1168 2408 1173 Π
2905 1228 3006 1337 i}
3115 1174 3126 1186 ⁹

586 1407 1051 1493 'abundantiam
1082 1396 1294 1481 stiiffe
1340 1404 1689 1498 refertum
1738 1406 1919 1482 adeo
1966 1424 2050 1480 ut
2099 1424 2176 1481 et
2209 1400 2370 1507 ‘ipse
2405 1410 2570 1486 Rex
2620 1394 3000 1493 fuerit-fai<

590 1514 891 1599 tiffim'us,
974 1527 1062 1581 ac
1128 1526 1239 1577 ma
1340 1500 1505 1576 ifice
1552 1502 1818 1578 vixerit
1839 1560 1862 1594 ,
1945 1503 2142 1578 simul
2207 1507 2504 1611 populus
2571 1507 2822 1583 nullius
2885 1511 2996 1589 rei

588 1607 886 1705 indigus,
970 1599 1173 1696 quod·
1244 1597 1681 1695 uperioribus
1780 1598 2090 1673 hrafibus
2132 1617 2350 1673 etiam
2415 1602 2814 1678 involutum
2860 1605 3002 1693 est.,

590 1706 703 1779 Sed
752 1702 843 1774 de
894 1720 989 1769 eo
1028 1695 1243 1768 etiam
1294 1692 1585 1767 testatur
1630 1623 1966 1795 hilYoria,
2017 1692 2135 1769 ubi
2174 1719 2406 1775 aarum
2457 1719 2533 1773 et
2581 1720 2998 1797 argentum,

628 1822 729 1871 rae
775 1791 1033 1891 copia,
1080 1786 1284 1887 parvi
1334 1788 1539 1866 fuiffe
1584 1787 1906 1863 habitum
1960 1789 2517 1887 Hierosolymis,
2570 1795 2783 1869 tradit
2833 1807 3000 1893 cap.³

584 1822 661 1969 K:
710 1912 823 1986 27.
923 1889 1297 1972 Ceterum,
1362 1904 1442 1958 ut
1495 1883 1570 1957 id
1622 1884 1856 1958 obiter
1904 1884 2313 1977 observem,
2394 1888 2479 1962 ad
2529 1888 2711 1966 hanc
2762 1911 2838 1965 et
2882 1917 2997 1966 re-

584 1988 679 2061 '‘s
712 2006 787 2061 et
810 1980 1048 2079 regni
1100 1978 1589 2055 conditionem
1642 1980 1910 2055 firmam
1933 2036 1955 2071 ,
2009 1982 2304 2078 amplam
2326 2036 2348 2071 ,
2400 2002 2476 2056 et
2521 1984 2996 2078 fortunatam,

614 2100 755 2159 orte
802 2075 1221 2175 respicitur,
1274 2094 1352 2149 et
1396 2074 1577 2159 inde·
1616 2098 1709 2150 ex
1759 2075 1886 2149 oni
1936 2075 2195 2166 debet,
2262 2076 2705 2155 difficillimus
2755 2084 2992 2173 locus,

578 2176 881 2253 nondum
928 2172 1121 2245 reste
1170 2168 1563 2265 expolitus,
1642 2196 1677 2245 1
1793 2193 1903 2267 eg.
1957 2171 2095 2244 IV:
2156 2192 2265 2262 19.
2335 2170 2409 2244 in
2457 2173 2641 2264 fine,
2692 2177 2813 2251 ubi
2867 2180 2987 2254 ha-

578 2276 773 2350 betur
790 2325 815 2361 ‚
860 2272 1045 2344 ἾΠἈ
1094 2267 1295 2341 :mn
1340 2288 1404 2342 et
1432 2266 1726 2363 firmiter
1773 2290 1856 2339 ac
1901 2268 2252 2340 eminenter
2296 2264 2674 2363 constitutus
2717 2278 2943 2352 unicus
2962 2331 2992 2365 ,

570 2372 637 2459 fet
770 2360 1331 2461 aecellemffmus
1348 2418 1371 2453 ,
1452 2364 1561 2457 qm·
1621 2358 1715 2459 est
1774 2365 1844 2435 in
1887 2373 2088 2433 terra.
2191 2362 2352 2436 Hac
2419 2364 2612 2437 enim
2682 2364 2798 2439 em
2849 2368 2994 2443 hafi

710 2482 827 2550 et,
894 2478 971 2534 ct
1012 2459 1137 2532 hic
1183 2455 1429 2533 donari
1478 2456 1731 2547 debet,
1815 2478 1962 2531 vox
2011 2460 2182 2535 :vn
2235 2475 2314 2531 ut
2364 2458 2452 2532 ad
2501 2459 2603 2537 Ps.
2655 2461 2790 2537 XX
2863 2466 2994 2538 lx:

574 2568 637 2637 6.
684 2553 1099 2646 observavi,
1148 2570 1227 2628 et
1260 2577 1407 2628 vox
1436 2554 1617 2628 W
1669 2575 1846 2649 quae
1875 2550 2206 2644 unicum,
2260 2552 2709 2651 singularem,
2759 2578 2834 2633 et
2867 2582 2997 2633 ex·

574 2654 853 2747 irnium,
936 2648 1225 2726 subinde
1273 2648 1589 2723 denotat.
1686 2647 2127 2738 Cohaerent,
2189 2648 2335 2721 hoc
2377 2648 2707 2741 admissb,
2775 2657 2996 2731 verba

571 2772 710 2827 non
757 2770 927 2825 cum
981 2743 1307 2842 proxime
1367 2742 1689 2841 praeced.
1716 2798 1738 2833 ‚
1817 2759 1898 2817 ut
1961 2744 2179 2840 vulgo
2240 2762 2528 2840 putatur
2560 2800 2584 2839 ,
2663 2747 2782 2821 sed
2826 2775 2993 2827 cum

570 2840 1013 2944 sequentibus
1071 2865 1134 2916 c.
1184 2842 1322 2914 IV:
1377 2862 1492 2914 20.
1578 2840 1677 2912 V:
1738 2863 1805 2926 1,
1857 2859 1931 2928 4,
1985 2860 2052 2928 5.
2115 2862 2197 2911 ac
2258 2839 2343 2912 ad
2394 2840 2835 2918 Salomonem
2880 2872 2992 2921 re-

566 2939 854 3017 ferenda
902 2937 1099 3028 sunt,
1160 2934 1354 3008 fimul
1405 2957 1565 3008 cum
1613 2957 1676 3007 c.
1725 2933 1864 3007 lV:
1923 2957 1984 3006 1.
2054 2933 2572 3028 connectenda,
2638 2936 2780 3013 five
2827 2944 2990 3017 loco

560 3038 696 3127 ‚fint
740 3053 983 3121 mota,
1033 3052 1108 3105 et
1154 3054 1215 3105 c.
1267 3031 1404 3104 lV:
1466 3053 1526 3104 1.
1578 3026 1962 3102 inmediate
2012 3027 2521 3119 subnestenda,
2574 3032 2718 3107 five
2766 3037 2990 3111 inter·

562 3132 829 3221 media,
882 3154 957 3202 ν.
1011 3147 1281 3216 2-19,
1329 3123 1851 3221 parenthetica:
1905 3122 2134 3197 sensus
2170 3124 2385 3199 totius
2432 3127 2808 3226 pericopae
2842 3135 2992 3226 est,

560 3231 1014 3306 Salomonem
1077 3221 1294 3295 totius
1356 3218 1597 3317 populi
1644 3218 1908 3294 Israelis
1973 3217 2174 3293 fu‘iss'e
2218 3244 2501 3317 regem,
2581 3244 2658 3296 ct
2703 3229 2993 3322 quidem

560 3325 850 3399 unicum
893 3339 971 3394 et
1011 3313 1772 3427 praecellentissimum,
1854 3314 2149 3389 firmiter
2207 3316 2706 3410 constitutum,
2788 3345 2862 3397 et
2912 3328 2990 3401 in

562 3420 827 3496 summa
886 3414 1313 3501 eminentia,
1442 3410 1612 3483 ualis
1661 3433 1806 3484 non
1856 3410 1957 3484 est
2015 3410 2089 3484 in
2144 3430 2327 3485 terra
2375 3412 2583 3501 alim,
2649 3439 2698 3510 p
2800 3423 2987 3495 ulum

563 3536 797 3590 autem
848 3510 1006 3680 elges
1025 3506 1373 3584 'numeros
1529 3530 1687 3599 um,
1738 3505 1933 3581 sunul
1978 3508 2181 3606 regni
2231 3506 2597 3602 pomoeria
2648 3444 2795 3583 essP

624 3634 663 3682 e
754 3626 909 3681 rote
988 3631 1051 3681 a.
2236 3627 2240 3632 ·

572 3633 627 3742 β
662 3634 753 3803 ΒΡ
775 3704 974 3777 XVI.
1335 3697 1688 3774 inmensae
1748 3695 2015 3774 fuerint
2062 3695 2448 3772 Salomonis
2495 3719 2707 3796 opes,
2775 3727 2990 3800 quan-

563 3819 683 3874 tus
730 3800 914 3870 aulae
970 3796 1176 3895 ipsius
1227 3795 1588 3893 splendor,
1657 3817 1746 3867 ex
1798 3791 2224 3888 quotidianis
2274 3793 2421 3890 ejus
2468 3794 2843 3888 sumtibus,
2911 3823 2990 3876 et

561 3916 904 3993 equorum
949 3915 1242 3966 nurnero
1296 3916 1457 3966 cum
1505 3890 1743 3985 colligi
1797 3887 2002 3961 facile
2055 3909 2301 3984 queat,
2354 3914 2599 3964 eorum
2646 3893 2718 3964 in
2753 3894 2994 3989 specie

558 3986 1002 4069 mentionem
1036 3989 1216 4061 fecit
1249 3986 1669 4061 Historicus.
1712 4042 1717 4049 .
1769 3985 2050 4058 Sumtus
2082 3985 2401 4058 recenset
2454 4009 2514 4059 c.
2572 3989 2668 4060 V:
2729 4011 2767 4060 2
2778 4013 2842 4083 3.
2897 4016 2992 4066 cx

563 4087 809 4186 quibus
872 4084 960 4158 de
1016 4105 1310 4179 numero
1357 4081 1846 4178 personarum,
1913 4102 2086 4174 quae
2137 4079 2455 4175 quotidie
2515 4080 2586 4154 in
2637 4085 2784 4156 aula
2837 4087 2992 4160 fue·

562 4201 721 4257 runt
769 4179 1234 4268 sustentatae,
1285 4174 1545 4272 conjici
1598 4173 2179 4272 q11oque2potest.
2278 4179 2454 4250 Cum
2489 4177 2682 4249 enim
2728 4181 2836 4254 Ἰ)
2883 4210 2994 4257 cor

567 4278 870 4375 ejusdem
934 4275 1295 4348 mensurae
1354 4271 1436 4347 sit
1483 4296 1564 4346 ac
1626 4273 1800 4345 ἾΒΠ
1858 4272 2144 4361 chamer,
2214 4270 2526 4367 adeoque
2579 4279 2717 4364 648
2786 4276 2995 4350 libras

564 4375 976 4459 Romanas,
1008 4389 1089 4444 ut
1137 4388 1458 4466 putatur,
1510 4367 1916 4456 contineat,
1967 4385 2257 4463 oportet
2310 4366 2659 4463 plusquam
2715 4393 2808 4443 20
2860 4374 2988 4443 ho·

560 4470 847 4544 minum·
874 4466 1093 4563 millia
1143 4464 1463 4561 quotidie
1527 4463 1617 4537 de
1663 4461 1998 4537 sumtibus
2042 4465 2232 4537 aulae
2282 4462 2632 4555 vixerint,
2717 4466 2767 4538 fi
2813 4468 2992 4538 duae

550 4561 771 4653 ‚librae
820 4561 1213 4639 tritici'vel
1261 4558 1523 4635 farinae
1569 4556 1849 4657 singulis
1897 4557 2171 4633 dentur.
2271 4559 2588 4650 Equorum
2641 4584 2812 4633 vero
2864 4584 2995 4656 nu-

556 4684 817 4759 merus,
876 4652 1020 4762 pro
1089 4656 1447 4754 curribus,
1535 4674 1610 4735 et
1656 4654 2053 4829 quitibus,
2123 4650 2299 4730 vers.
2353 4658 2418 4730 6.
2472 4654 2801 4743 traditur,
2835 4659 2994 4833 ‚ulbi

544 4802 573 4843 ς
628 4810 635 4817 -
670 4836 677 4841 ,
1843 4773 1887 4853 3
2738 4774 2890 4829 curu
2921 4778 2994 4839 ‘S
3065 4817 3072 4826 .

2702 3441 2746 3487 o

2746 3538 2786 3583 e
2835 3515 2994 3587 lon-
