3575 5884
271 1118 349 1198 ‚530
625 1084 772 1186 fflstori‘a
795 1081 1099 1186 EcclestaflicN.
1130 1080 1170 1161 Τ.

280 1293 467 1451 praeterea
500 1265 708 1345 considerari
743 1267 887 1358 solere,
930 1288 1092 1365 tanquam
1119 1264 1302 1364 primitias
1335 1264 1508 1345 Ecclesiae

314 1372 435 1460 bristi,
469 1369 543 1466 ejus
569 1364 909 1454 consummatricis,
928 1365 1079 1460 denique
1112 1363 1307 1460 imaginem
1335 1363 1502 1439 Ecclesiae

283 1467 521 1547 slostolicae.
569 1462 627 1532 De
652 1484 722 1555 quo
755 1460 793 1532 in
824 1463 978 1534 Issetliodo
1008 1462 1193 1556 prophetico
1221 1457 1372 1546 monui,
1415 1461 1507 1537 etin

283 1567 373 1641 Disl.
408 1561 530 1635 ultima
557 1555 600 1626 ad
636 1558 729 1628 Dan.
765 1557 870 1630 lulius
909 1557 1072 1652 exposui:
1115 1580 1222 1652 quare
1257 1553 1321 1627 lric
1357 1557 1506 1655 tetigisse

284 1657 472 1736 suffecerit.
522 1653 728 1745 Optandum
756 1652 898 1742 fuisset,
933 1653 1058 1727 statum
1083 1653 1178 1726 hunc
1212 1650 1371 1742 diutius,
1407 1657 1505 1751 usque

283 1758 325 1830 ad
344 1752 504 1826 illesliam
532 1747 811 1838 manifestatum,
839 1749 995 1840 durasse,
1022 1771 1089 1820 nec
1112 1773 1176 1845 per
1201 1770 1333 1820 novam
1361 1751 1506 1847 regimi-

282 1851 336 1926 nis
362 1848 535 1934 sormnm,
570 1843 762 1941 populique
788 1842 980 1933 factiones,
1018 1867 1061 1916 ac
1083 1842 1298 1940 multiplices
1323 1864 1432 1920 corru
1461 1868 1506 1919 re-

280 1947 349 2034 las,
393 1942 494 2017 fuisse
539 1942 690 2036 primurn
727 1939 968 2029 obscuratum,
1008 1958 1045 2013 et
1073 1938 1385 2030 contaminatum,
1428 1873 1506 2016 dein

281 2043 384 2140 plane
416 2040 597 2113 deletum:
643 2036 728 2109 sicut
761 2034 839 2108 fieri
874 2035 996 2133 coepit
1038 2035 1117 2132 post
1151 2054 1307 2108 mortem
1328 2037 1506 2204 ¹Johannis

282 2135 466 2235 Hyrcani,
501 2151 539 2207 et
564 2130 683 2228 postea
709 2130 928 2227 persedlum3
970 2155 1063 2207 nova
1090 2131 1303 2205 succedente
1344 2134 1508 2207 ervitiitis

284 2260 326 2311 ac
355 2231 559 2306 calamitatis
582 2227 801 2301 multivariae
818 2228 991 2322 periodo,
1042 2251 1104 2300 uae
1130 2227 1272 2301 tandem
1298 2224 1339 2300 in
1363 2232 1503 2303 totalem

283 2331 373 2426 reip.
400 2347 437 2401 et
453 2322 627 2399 Ecclesiae
643 2322 808 2419 Judaicae
828 2322 966 2397 ruinam
984 2324 1098 2413 exiit,
1123 2323 1212 2397 sicut
1231 2322 1269 2395 in
1293 2327 1409 2399 verbo
1426 2327 1505 2400 Pro·

284 2423 434 2527 phetico
465 2440 603 2525 quoque
638 2418 729 2491 clare
762 2435 801 2490 et
831 2417 975 2517 copiose
1008 2419 1078 2493 fuit
1112 2416 1344 2517 praedictum.
1405 2422 1508 2519 Cujus

282 2517 523 2614 catastrophes
552 2511 693 2587 initium
722 2536 803 2587 cum
829 2537 867 2587 re
894 2513 1063 2589 etendum
1082 2513 1124 2587 sit
1148 2514 1310 2604 aSeslis,
1336 2514 1435 2590 inter
1450 2521 1507 2614 Ju-

281 2620 389 2695 daeos
413 2611 520 2703 ortis,
545 2608 584 2683 in
601 2609 724 2707 primis
747 2609 851 2683 Phari
867 2611 963 2701 aica,
996 2609 1138 2707 ejusque
1162 2632 1241 2682 cum
1266 2608 1378 2684 domo
1405 2616 1506 2687 Mac·

283 2710 424 2793 cabaica
449 2707 621 2784 acerrima
646 2706 936 2798 concertatione,
987 2730 1050 2780 uae
1079 2706 1139 2780 sub
1168 2704 1275 2778 finem
1302 2705 1388 2799 Joh.
1414 2711 1502 2808 Hyr·

282 2808 363 2885 cani
396 2803 556 2898 incepit,
598 2819 636 2873 et
665 2802 725 2874 sub
748 2801 950 2875 Alexandro
963 2730 1130 2897 annnaeo
1165 2800 1204 2874 in
1230 2799 1342 2876 civile
1368 2804 1504 2903 aliquod

280 2905 410 2982 bellinn
445 2894 600 2987 transiit,
643 2893 705 2969 hic
731 2913 833 2992 aptus
865 2895 918 2971 est
948 2899 1045 2972 locus
1069 2896 1190 2971 harum
1222 2897 1394 2973 festarum
1420 2904 1506 2976 noti·

281 3003 367 3079 tiam
393 2991 572 3068 tradendi:
607 2991 721 3088 quod,
758 3011 923 3088 quantum
947 3013 1060 3089 pote,
1090 3036 1093 3042 ·
1101 2990 1220 3089 paucis
1242 2991 1394 3081 faciam;
1430 3024 1506 3074 cuin

281 3091 415 3191 integri
446 3089 490 3165 de
518 3088 562 3162 iis
587 3086 778 3183 scaligeri,
820 3087 938 3164 Drusii
963 3108 1001 3166 et
1026 3084 1178 3181 Serarii,
1222 3087 1433 3188 Triglandi,
1474 3115 1509 3170 et

282 3191 459 3273 aliorum,
487 3182 646 3281 prostent
675 3182 849 3258 trasiatus.

328 3288 360 3389 §.
386 3282 526 3361 DXlV.
561 3280 619 3352 De
646 3283 786 3373 origine,
821 3276 1001 3376 institutis,
1034 3297 1106 3354 ortu
1129 3305 1171 3354 ac
1184 3277 1279 3374 fatis
1307 3279 1506 3356 Pharisaeo-

280 3409 362 3465 rum
386 3402 424 3457 et
447 3376 723 3454 Sadducaeorum
752 3375 900 3467 ordine,
932 3375 1053 3450 sedin
1079 3399 1210 3473 genere
1232 3393 1270 3449 et
1293 3374 1505 3472 summatim,

282 3484 443 3567 adiutus,
477 3476 631 3571 originem
655 3472 757 3581 paulo
782 3468 884 3545 altius
909 3492 1087 3569 repetam,
1127 3471 1225 3546 missa
1250 3471 1424 3569 opinione
1450 3477 1508 3572 Jo-

283 3575 406 3673 sephi,
432 3572 493 3668 qui
511 3595 587 3646 eam
602 3596 622 3644 a
638 3567 933 3667 disputationibus
955 3567 1212 3665 Philosophicis
1230 3566 1430 3643 Gentilium
1448 3573 1506 3646 de·

283 3676 398 3758 rivat,
442 3666 644 3742 Pharisaeos
678 3689 758 3739 cum
778 3665 986 3755 Platonicis,
1028 3665 1246 3763 Sadducaeos
1270 3688 1354 3738 curn
1377 3667 1508 3764 Epicn-

281 3769 394 3854 raeis,
436 3781 473 3833 et
499 3763 643 3836 Essenos
667 3785 747 3835 cum
777 3759 909 3836 Stoicis
936 3782 1016 3835 com
1043 3783 1160 3848 arans;
1195 3759 1268 3833 sine
1294 3759 1407 3835 solido
1431 3763 1509 3839 sunss

282 3866 472 3946 (lamento,
498 3878 596 3940 etex
613 3856 751 3954 origine
769 3881 849 3931 cum
899 3786 1055 3954 rogreslu
1075 3855 1255 3932 Sessarum
1272 3854 1408 3930 illarum
1426 3884 1521 3943 eon„

280 3961 377 4050 fusa,
403 3953 591 4031 nonenim
617 3954 654 4027 in
680 3953 806 4043 initio,
832 3882 897 4030 sed
922 3953 1113 4051 deinceps,
1142 3951 1184 4026 ad
1204 3976 1261 4025 eas
1287 3953 1509 4048 quaestiones

282 4053 466 4154 prolapsae
498 4047 586 4121 sunt.
641 4051 823 4147 Tempore
856 4050 1070 4125 adflislionis
1095 4047 1358 4146 Epiphanicae,
1403 4072 1444 4124 ut
1471 4052 1507 4124 in

279 4173 357 4224 tem
382 4148 544 4236 veniam,
579 4140 681 4215 divisi
709 4145 853 4219 fue'runt
880 4147 1026 4241 Judaei,
1056 4166 1094 4221 ut
1118 4170 1161 4219 eii
1193 4142 1338 4216 historia
1364 4146 1507 4222 Macca-

280 4246 381 4338 baica
406 4243 564 4332 constat,
604 4237 641 4311 in
675 4242 819 4316 ΜΠ
857 4239 1067 4334 Cliastdaros,
1108 4255 1145 4314 et
1170 4233 1302 4321 napgiq
1329 4243 1433 4336 inpios
1467 4266 1509 4316 ac

280 4341 471 4436 prosan0s3
505 4358 651 4435 quorum
678 4340 749 4426 illi,
790 4338 935 4410 nomine
962 4362 1032 4434 quo
1057 4361 1101 4413 ue
1127 4337 1330 4424 indicante,
1363 4335 1510 4412 fuerunt

278 4433 355 4531 pii,
398 4450 436 4505 et
461 4432 604 4507 studiosi
631 4431 812 4533 religionis
840 4431 976 4528 patriae
1013 4362 1056 4506 ad
1083 4452 1232 4505 mortem
1260 4430 1367 4526 usque
1401 4432 1508 4511 sesm-

277 4547 374 4607 tores
399 4550 441 4604 ac
470 4529 695 4632 defensores,
725 4530 758 4615 ii
783 4551 893 4624 vero,
926 4526 1197 4627 nominietiam
1220 4527 1285 4608 suo
1307 4547 1510 4643 coagmen..

306 4677 309 4680 -
864 4698 872 4708 .
1303 4688 1310 4703 .
1382 4644 1510 4718 ....tes‚
