3575 5884
743 1184 897 1303 hemodos
921 1186 1038 1266 Serra.
1440 1176 1525 1289 m

282 1388 409 1462 verat,
439 1366 621 1460 animum,
656 1365 845 1465 adpellatus
865 1371 1082 1462 Philometor,
1113 1368 1198 1446 dein
1222 1369 1332 1463 male,
1371 1368 1516 1451 mortua¹

279 1486 416 1559 matre,
455 1490 523 1565 per
546 1465 731 1564 primarios
755 1465 858 1562 regni
883 1467 1061 1543 ministros
1083 1466 1267 1543 Lenneum
1299 1486 1337 1541 et
1361 1468 1512 1544 Euleum

281 1567 498 1654 educatus,
521 1562 689 1662 ignavum
722 1561 758 1635 se
790 1561 899 1639 initio
927 1560 1105 1662 praestitit
1137 1582 1176 1639 et
1209 1563 1510 1639 effoeminatum:

281 1665 424 1761 qualern
445 1657 518 1733 sese
543 1659 644 1757 geffit
667 1656 852 1766 inpriore
887 1658 1120 1759 expeditione
1144 1659 1320 1734 Antiochi
1343 1659 1508 1769 Epipha-

281 1759 395 1835 nisio
412 1755 648 1853 AEgypturn,
673 1776 731 1829 cur
748 1753 820 1828 sese
845 1777 927 1830 cum
939 1779 1055 1854 regno
1072 1754 1237 1831 tradidit:
1261 1755 1314 1831 uti
1340 1755 1380 1830 in
1395 1754 1505 1831 hrsto·

283 1857 339 1930 ria
361 1850 559 1952 Epiphanis
580 1851 730 1926 narravi.
778 1850 954 1927 Resumsrt
978 1871 1097 1926 tamen
1111 1850 1235 2021 postea
1261 1851 1416 1927 animum
1431 1875 1506 1928 maa

283 1953 340 2053 gis
360 1949 521 2047 regium,
552 1967 594 2020 ac
620 1946 832 2021 cumfratre
856 1949 1080 2037 Ptolemaeo,
1140 1946 1317 2046 hyscone,
1350 1949 1505 2031 acraffo

281 2044 681 2219 rhenense,
705 2042 959 2234 “hiissffahai
969 2101 1001 2212 'e
1018 2042 1504 2220 iiiaiibmffifflf‘hiffi

285 2259 329 2318 ut
351 2199 416 2312 Ah
463 2255 568 2334 ptum
599 2194 740 2323 conches
767 2235 876 2308 fuerit
909 2167 1092 2325 deierere,
1132 2255 1171 2308 et
1196 2259 1264 2310 una
1291 2261 1371 2310 cum
1396 2199 1508 2311 fiatre

284 2334 516 2411 concorditer
539 2354 686 2428 regnare
711 2331 854 2428 coepit,
896 2332 949 2405 uti
972 2332 1074 2428 supra
1097 2331 1159 2404 suo
1187 2333 1269 2406 loco
1293 2331 1505 2407 memoravi.

281 2430 436 2540 Reliqua
450 2451 547 2504 nunc
561 2425 710 2502 strichim
743 2426 920 2534 prsequar.
969 2428 1239 2526 AEgyptiacum
1258 2451 1428 2526 regnum,
1458 2430 1503 2504 ab

283 2550 389 2602 omm
409 2543 504 2601 meni
526 2521 702 2599 Antiochi
725 2450 938 2614 hberatum,
978 2543 1016 2596 et
1042 2524 1176 2601 duobus
1201 2525 1342 2622 regibus
1369 2525 1503 2622 subiec-

285 2642 388 2735 tum,
427 2619 528 2698 brevi
555 2617 636 2718 post
664 2616 806 2727 ‚scissum
829 2617 880 2693 est
906 2619 945 2693 in
974 2617 1146 2692 factiones
1168 2643 1236 2715 per
1258 2621 1502 2732 Physconem,

279 2714 1502 2905 ll’ri‘fflllllsslhlffnnlhhhhllhlz:

280 2929 371 2987 natu
396 2911 436 2985 in
484 2908 593 2983 travit
617 2904 858 2994 Philometor,
900 2905 1025 2980 fratres
1048 2907 1114 2979 hac
1138 2904 1276 2980 ratione
1309 2909 1505 2985 concordes

279 3007 404 3081 rursus
443 3003 512 3077 achi
536 3003 633 3093 sunt,
667 3021 707 3075 ut
729 3001 948 3075 Philometor
971 3001 1141 3098 AEgypti
1168 3022 1205 3075 et
1233 3005 1341 3101 Cypri
1365 3030 1428 3080 rex
1451 3007 1502 3081 es·

283 3103 364 3189 set,
388 3098 548 3197 Physcon
561 3098 695 3196 Libyae
721 3117 759 3170 et
774 3100 946 3194 Cyrenes,
972 3115 1119 3192 uterque
1135 3096 1186 3170 sni
1208 3098 1316 3195 juris,
1342 3122 1379 3176 et
1402 3103 1505 3178 inde·

281 3194 457 3297 pendens.
504 3193 574 3287 Sed
593 3194 776 3291 Physcon,
826 3194 966 3288 rinceps
989 3192 1212 3285 ambitiosus,
1236 3195 1303 3270 hac
1328 3197 1507 3275 divisione

279 3315 358 3370 non
381 3309 588 3380 contentus,
612 3293 768 3387 Cyprum
851 3289 895 3361 tri
915 3288 1086 3383 adgreiius
1115 3288 1166 3363 est
1183 3291 1332 3386 eripere.
1382 3296 1501 3395 Qumr-

281 3391 353 3479 do,
396 3387 493 3462 causa
528 3407 648 3461 coram
674 3389 805 3460 Senatu
838 3386 1005 3459 Romano
1026 3385 1188 3477 discuffo,
1228 3388 1403 3484 Physconi
1430 3389 1501 3460 fuit

281 3490 422 3583 Cyprus
446 3483 660 3581 adjudicata,
687 3500 810 3556 contra
828 3481 986 3576 superius
1009 3481 1171 3580 pastum,
1194 3482 1396 3576 juramento
1414 3505 1500 3555 con·

282 3583 482 3670 firmatum,
515 3578 596 3674 quia
621 3580 767 3651 Senatus
791 3580 898 3651 Rom.
924 3602 944 3650 e
970 3601 1007 3648 re
1031 3578 1088 3649 sua
1117 3576 1186 3648 elle
1208 3575 1402 3669 judicavit,
1444 3602 1501 3652 re·

311 3700 371 3750 ern
389 3675 560 3773 AEgypti
583 3672 777 3761 debilitari,
810 3672 868 3746 cui
892 3673 1108 3744 Philometor
1143 3669 1287 3745 obedire
1312 3674 1509 3752 recusavit:

279 3703 1501 3961 innitentemmemnitemini

281 3964 405 4049 cellit,
431 3920 479 4035 et’
494 3960 570 4057 ipse
586 3960 622 4033 in
646 3984 766 4033 manus
788 3958 1034 4032 Philometoris
1054 3960 1179 4032 uenit:
1202 3919 1261 4058 qfui
1286 3983 1421 4039 tantum
1439 3968 1499 4040 ab·

279 4060 337 4136 est
364 4077 404 4132 ut
433 4081 513 4132 eum
564 4080 674 4145 oena,
699 4081 766 4152 qua
790 4057 835 4129 ob
861 4053 1018 4129 facinora
1045 4055 1225 4152 tyrannica
1248 4062 1395 4156 plurima
1419 4062 1497 4156 dig·

280 4180 348 4230 nus
370 4172 467 4244 erat,
507 4176 527 4226 a
566 4152 698 4242 ecerit,
741 4171 781 4224 ut
804 4174 870 4248 pro
893 4151 1027 4247 placida
1060 4153 1115 4226 suu
1142 4171 1178 4225 et
1203 4158 1373 4230 benevola
1398 4155 1503 4229 indo·

282 4256 339 4342 le,
364 4274 466 4349 quarn
490 4250 609 4347 Polyb.
636 4251 673 4322 in
696 4249 863 4358 Excerpt.
889 4249 1007 4324 vales.
1033 4248 1096 4346 ipss
1123 4249 1268 4336 tribuit,
1295 4275 1408 4343 regno
1435 4254 1496 4328 Li-

283 4352 375 4444 byae
399 4365 437 4420 et
463 4347 616 4444 Cyrenes
650 4344 860 4435 restituerit,
903 4344 1030 4419 additis
1060 4345 1167 4420 etiam
1190 4348 1264 4420 aliis
1295 4345 1505 4441 regionibus

283 4447 368 4518 loco
386 4442 516 4542 Cypri,
542 4461 580 4514 et
603 4441 675 4514 filia
699 4440 756 4513 fua
780 4439 846 4536 ipsi
864 4441 901 4516 in
925 4466 1072 4517 uxorem
1095 4446 1217 4516 oblata.
1267 4441 1403 4537 Quibus
1419 4469 1499 4540 per·
1542 4506 1544 4511 .

283 4536 395 4627 abhis,
433 4539 642 4625 Demetrio,
675 4533 752 4632 regi
777 4537 919 4636 Syriae,
954 4539 1127 4628 infensus,
1161 4533 1253 4630 quod
1279 4544 1432 4636 Cyprum
1455 4544 1506 4614 ab

286 4633 443 4730 Archia,
464 4631 655 4735 praefecto
673 4633 784 4735 Cypri
807 4635 888 4803 ai}
893 4634 1118 4802 11Ἓηίὶίῑιιιο,
1141 4629 1292 4730 pecunia
1308 4655 1506 4819 corrupffi),
