3575 5884
204 1020 215 1029 ’
269 1049 353 1157 596
440 1040 455 1061 ⁴
726 1024 891 1136 Hssorlae
920 1031 1069 1111 Roman:

283 1244 346 1316 to,
379 1217 473 1320 quod
497 1238 563 1317 per
584 1215 644 1293 sex
669 1216 725 1289 vel
753 1216 893 1314 septem
918 1215 1152 1292 succeffionea
1183 1209 1256 1289 fuit
1280 1209 1483 1295 devolutum,

275 1322 307 1397 s
325 1317 400 1394 atio
430 1338 499 1407 245
523 1337 702 1388 annorum.
755 1336 786 1388 1.
812 1311 951 1388 Primus
975 1314 1059 1386 Rex
1082 1308 1268 1397 Romulus,
1292 1309 1487 1381 Romacon·

315 1421 385 1503 ita,
413 1437 489 1485 eam
510 1409 653 1498 incolis,
681 1408 725 1482 as
741 1410 776 1481 lo
794 1408 1009 1497 constitute,
1034 1407 1200 1504 replevit.
1232 1403 1344 1476 Ludis
1364 1403 1490 1478 Consua

288 1513 397 1599 libus,
424 1509 596 1601 Neptuno
612 1435 766 1601 equesdri
783 1507 909 1594 sacris,
936 1512 1006 1599 783
1025 1503 1200 1598 Virgines
1217 1500 1387 1589 Sabinas,
1410 1520 1491 1594 apo·

289 1609 376 1706 pulo
394 1604 453 1676 suo
469 1599 645 1672 ducendas
662 1601 699 1673 in
717 1602 792 1695 ejus
810 1598 1166 1696 multiplicationem,
1192 1594 1333 1691 rapuit,
1360 1592 1497 1688 indeque

289 1721 404 1774 ortum
433 1696 559 1768 bellum
596 1695 647 1768 ita
670 1696 893 1790 composuit,
937 1715 976 1768 ut
1004 1698 1085 1767 urbs
1118 1696 1161 1768 ab
1187 1714 1342 1787 utroque
1376 1690 1498 1784 populo

285 1794 512 1869 incoleretur.
563 1791 689 1864 vietus
726 1794 891 1865 civitates
923 1811 994 1863 non
1020 1787 1174 1879 delevit,
1218 1786 1280 1860 sed
1310 1785 1441 1882 partim
1462 1784 1501 1856 de

286 1888 428 1965 civibus
456 1884 571 1975 milit,
595 1886 655 1983 qui
676 1910 733 1960 eas
750 1910 831 1961 cum
858 1885 1162 1984 propriiscivibur
1183 1882 1420 1979 possiderent,
1445 1903 1501 1953 un·

287 1986 333 2060 de
364 1985 504 2060 coloniae
531 1980 609 2055 sunt
636 1981 772 2072 dietae,
805 1980 933 2091 partim
958 2005 1016 2053 eas
1036 1982 1117 2078 jure
1142 1977 1304 2052 civitatis
1327 1977 1500 2050 Romanae

287 2080 456 2155 donavit:
497 2100 584 2173 quae
610 2077 823 2151 incrementi
849 2079 986 2152 Romae
1010 2077 1102 2151 haud
1127 2074 1276 2149 minima
1300 2072 1376 2147 soit
1401 2073 1501 2146 causa

289 2176 475 2251 Praeterea
500 2173 687 2246 civitatem
707 2174 842 2268 legibus
868 2170 1052 2261 instruxit,
1078 2173 1246 2245 Senatum
1269 2168 1447 2259 instituit,
1468 2187 1503 2241 et

289 2268 454 2345 militium
487 2271 600 2362 probe
626 2269 774 2342 curauit.
827 2268 903 2342 Hic
939 2287 1055 2349 tantur
1079 2266 1155 2358 vir,
1193 2264 1254 2361 qui
1278 2262 1436 2340 Romani
1457 2262 1505 2339 in·

289 2365 383 2463 perii
408 2362 539 2460 prima,
575 2382 612 2435 et
634 2362 760 2452 solida,
789 2362 881 2459 jecit
906 2360 1154 2451 fundamenta,
1194 2361 1340 2436 incerto
1365 2361 1505 2437 exitue

290 2460 411 2536 medio
444 2458 611 2547 sublatus,
656 2458 741 2534 dein
773 2458 869 2536 inter
896 2462 1006 2534 Deor-
1025 2456 1077 2533 est
1100 2459 1240 2534 relatus.
1292 2457 1423 2532 Tribui
1448 2454 1506 2555 ipsi

285 2556 404 2636 solent
426 2553 509 2627 anni
535 2575 592 2649 37.
684 2587 688 2595 ·
1019 2614 1022 2619 .

337 2652 369 2753 s.
397 2650 602 2724 DLXXlII.
630 2673 662 2723 2.
688 2653 799 2724 Numa
826 2650 1025 2745 Pompilius,
1050 2647 1215 2749 religiosus
1240 2647 1437 2738 dicendus,
1458 2645 1504 2723 ci·

291 2747 463 2832 vitatem,
490 2745 584 2817 simul
601 2745 834 2840 religionem,
863 2746 1065 2838 ordinavit,
1089 2746 1280 2822 autoritate
1304 2769 1446 2842 quoque
1462 2746 1502 2816 le·

287 2842 394 2943 gibus
417 2838 605 2911 conciliata
629 2863 693 2936 per
718 2840 868 2936 Egeriae
894 2842 1088 2940 Nymphae
1113 2842 1333 2939 praetensam
1366 2839 1504 2913 familia-

289 2961 368 3015 rem
384 2932 692 3010 consuetudinem:
718 2960 847 3009 annom
874 2962 1013 3034 quoque
1033 2938 1070 3012 in
1089 2938 1223 3012 menses
1249 2937 1453 3032 descripsit,
1476 2953 1507 3006 et

290 3032 387 3111 inter
413 3027 594 3102 Romanos
619 3053 660 3104 ac
679 3029 826 3106 Sabinos
853 3031 985 3106 sustulit
1012 3033 1286 3107 distinctionem.
1337 3036 1397 3106 Re
1410 3030 1506 3105 malle

289 3127 405 3209 fertur
437 3146 516 3198 ann.
541 3148 600 3219 43.
651 3148 683 3218 3.
713 3125 824 3199 Tullus
856 3126 1034 3223 Hostilius,
1069 3131 1243 3202 bellatoris
1272 3127 1377 3201 titulo
1413 3128 1506 3223 insig-

291 3223 371 3314 nis‚
411 3218 571 3294 militiam
596 3215 793 3294 aticomtius
819 3223 1017 3313 ordinavit,
1059 3224 1185 3297 Albam
1212 3223 1345 3314 diruit,
1387 3222 1507 3297 incolit

292 3322 450 3397 Romam
478 3313 669 3408 transsatis,
706 3317 750 3390 de
775 3318 912 3393 Sabinis
938 3345 979 3392 ac
1008 3318 1235 3394 Fidenatibus
1259 3317 1506 3416 triumphavit,

293 3418 500 3508 Urbemque
536 3411 643 3486 Caelii
677 3413 808 3486 montis
838 3416 1031 3489 accessione
1067 3414 1176 3489 auxit.
1232 3415 1395 3489 Fulmine
1428 3413 1509 3488 retu

294 3505 376 3588 cum
394 3508 525 3582 sumilia
541 3506 681 3604 periisse
697 3508 831 3601 fertur,
856 3536 938 3585 cuni
956 3535 1032 3585 ann.
1054 3535 1097 3605 32
1114 3510 1298 3607 regnaslet.
1344 3534 1383 3602 4.
1403 3513 1510 3586 Atreus

297 3609 470 3687 Murrius,
514 3604 680 3700 Pompilii
713 3628 844 3712 nepos,
884 3607 1030 3680 Latinos
1055 3607 1232 3701 superatos
1258 3608 1413 3680 Romam
1449 3630 1511 3679 tra·

297 3700 418 3789 (irruit,
444 3697 639 3772 Osiierisem
662 3700 824 3774 condidit
849 3703 1046 3792 coloniam,
1081 3701 1208 3776 Tiberi
1235 3722 1348 3798 ponte
1374 3703 1510 3797 jundlo,

300 3798 520 3878 Tribuunrur
552 3794 616 3890 ipsi
649 3819 728 3870 ann.
757 3818 813 3887 24.
866 3797 1031 3871 Succeffit
1065 3820 1099 3887 5.
1132 3799 1325 3891 Tarquinius
1356 3800 1513 3894 Priscus,

300 3916 450 3999 porupie
478 3908 600 3978 autor,
626 3890 815 3966 eGraecia
830 3893 981 3967 Romam
1006 3895 1160 3984 delatus,
1186 3913 1222 3965 et
1240 3893 1336 3967 Anci
1360 3894 1514 3969 filiorum

298 4016 398 4071 ‚tutor
425 4006 566 4084 regnum
594 3984 675 4058 dolo
704 3987 823 4082 cepit,
849 4013 1031 4064 numerum
1051 3992 1258 4063 Senatorum
1283 4010 1321 4061 et
1338 3991 1374 4061 T
1377 3990 1531 4063 ribuom,

303 4118 356 4171 am
384 4081 547 4169 lisicatit,
572 4081 761 4174 urbemque
779 4107 880 4156 moro
898 4086 1053 4158 lateritio
1071 4084 1203 4172 cinxit,
1230 4083 1348 4168 circo,
1368 4084 1514 4183 aliisque

300 4191 411 4282 judis,
439 4175 597 4268 ornavit,
629 4175 822 4250 lletruscos
848 4200 885 4251 et
910 4181 1058 4253 Sabinos
1082 4179 1269 4276 superavit.
1320 4179 1445 4254 Caesus
1471 4185 1515 4257 ab

306 4285 401 4370 ‘Anci
428 4276 507 4356 siliis
531 4274 601 4366 cst,
628 4293 705 4345 cum
729 4294 766 4341 re
796 4273 905 4346 nollet
932 4297 1010 4347 ant.
1040 4285 1097 4366 38.
1148 4285 1180 4350 6.
1206 4278 1338 4350 Seruius
1365 4277 1514 4369 Tullius,

288 4374 422 4485 ''Cerrsor
445 4373 647 4472 adpellatus,
680 4297 908 4477 popudunr'in
942 4372 1082 4443 censum
1109 4373 1248 4461 retulit,
1282 4373 1319 4443 in
1345 4371 1405 4447 seu
1433 4374 1514 4448 clas·

303 4491 366 4591 ses
390 4502 426 4561 ct
440 4471 548 4557 tuias
572 4467 744 4549 centurias
769 4464 908 4561 divisit,
933 4463 1036 4544 liuha
1060 4464 1213 4567 qunque
1239 4465 1338 4545 annis
1363 4469 1515 4582 redeun-

1463 4586 1515 4657 ,ω

303 4680 318 4723 a
