3575 5884
272 1120 347 1217 '3⁶0
621 1119 771 1223 upon
794 1069 1030 1225 intensum
1052 1124 1096 1203 V.
1124 1120 1166 1200 r.

275 1298 455 1392 declarat,
487 1300 543 1391 se,
579 1322 625 1409 ex
649 1327 721 1399 quo
745 1306 893 1380 ducatus
919 1307 1040 1403 populi
1067 1305 1131 1380 fibi
1153 1299 1361 1379 commiss'ua
1384 1299 1453 1396 est,
1480 1324 1501 1380 a

279 1418 380 1471 aomo
407 1398 613 1470 Artaxerxis
636 1402 680 1472 ad
709 1407 850 1495 gadum,
883 1426 951 1498 per
978 1426 1022 1494 14
1046 1426 1176 1491 annos,
1219 1399 1389 1475 alimenta
1412 1399 1505 1474 Duci-

277 1491 522 1586 competentia
540 1514 614 1564 non
634 1495 804 1585 sumlilIe‚
831 1497 1053 1571 manifestum
1072 1498 1142 1571 elle
1159 1520 1263 1585 reor,
1287 1496 1386 1570 cirea
1402 1496 1502 1570 finem

278 1587 408 1757 prioris
431 1586 574 1682 periodi
601 1592 844 1683 praefeiiurue
869 1597 944 1689 ejus
967 1594 1151 1682 accidille,
1176 1593 1271 1688 quod
1285 1591 1351 1664 hic
1367 1593 1414 1665 de
1431 1592 1504 1666 No

306 1706 396 1755 emra
420 1701 588 1758 narratur.
1409 1714 1411 1721 ·
1500 1730 1503 1739 .

278 1776 1387 1980 illicilllllllcliiii„&flltll'ffll‘t'lliltt‘
1433 1805 1500 1955 {ii

278 1966 352 2057 dis,
379 1966 544 2061 Tsronis,
566 1971 639 2068 jam
657 1975 858 2069 principem
875 1975 1011 2065 ritum,
1039 1976 1167 2064 fidum,
1193 1994 1231 2047 et
1246 1973 1448 2065 strenuum,
1461 1974 1506 2050 ad·

278 2065 407 2173 urbem
428 2064 571 2141 civibus
603 2070 824 2167 replendam,
860 2072 992 2169 quippe
1020 2073 1100 2168 qui,
1141 2094 1208 2167 pro
1241 2071 1317 2166 ejus
1340 2072 1499 2169 amplitu-

280 2157 388 2251 dine,
414 2185 527 2260 parvo
551 2165 657 2239 nimis
679 2187 780 2239 erant
804 2190 973 2256 numero,
998 2187 1037 2239 et
1059 2169 1181 2239 domus
1205 2165 1321 2239 adhuc
1340 2167 1502 2263 jacebant

279 2255 478 2349 desolatae,
516 2259 670 2336 animum
695 2261 884 2356 adplicuit,
919 2285 996 2359 cap.
1024 2265 1108 2337 Vll.
1134 2260 1316 2359 postquam
1342 2286 1389 2338 ex
1411 2261 1500 2336 libro

281 2352 407 2428 census
432 2355 623 2445 reducum,
649 2357 686 2428 in
731 2357 1278 2465 r1ncipioreditusfacli‚Ezr.
1305 2360 1354 2435 II.
1380 2380 1496 2433 nume·

282 2475 362 2526 rum
378 2473 503 2524 eorum
519 2451 673 2550 cognovi
704 2470 760 2541 et,
786 2471 838 2524 uu
856 2452 984 2526 eodem
1000 2477 1076 2549 cap.
1104 2456 1181 2528 VII
1198 2452 1359 2529 traditur.
1408 2457 1498 2528 Con·

284 2565 414 2624 vocato
440 2545 492 2620 ita
518 2570 561 2621 ue
589 2548 723 2645 populo
756 2571 802 2620 ex
831 2549 993 2622 omnibus
1022 2548 1111 2622 locis
1139 2554 1344 2623 Cunauaeae
1367 2550 1498 2625 Hiero·

282 2645 471 2742 solymam,
493 2572 620 2742 iegem
692 2642 784 2719 blice
810 2646 853 2719 ab
877 2646 966 2719 Ezra
992 2664 1030 2719 et
1058 2645 1163 2718 sociis
1185 2644 1344 2741 praelegi
1372 2669 1416 2719 ac
1440 2668 1498 2719 ex·

282 2740 372 2838 poni
390 2740 499 2830 fecit,
524 2739 615 2815 festo
635 2669 692 2814 pss
1500 2836 1503 2843 Ι

282 2855 346 2923 to,
373 2859 404 2906 c.
434 2837 551 2924 VIII,
578 2836 661 2908 dein
677 2836 838 2910 oratione
865 2838 909 2912 ad
925 2839 1065 2927 Deum,
1086 2837 1146 2911 die
1167 2837 1315 2932 jejunii,
1342 2836 1504 2935 expreffe.

282 2928 430 3019 iuditii,
455 2929 597 3021 habita,
622 2932 681 3041 pia
706 2932 761 3006 illa
788 2953 827 3006 et
845 2934 1010 3024 efficace,
1034 2933 1158 3007 foedus
1179 2955 1261 3004 curn
1287 2934 1372 3006 Deo
1395 2930 1504 3030 pangi

282 3024 444 3114 curavit,
472 3044 510 3099 et
527 3026 633 3102 scribi
649 3052 690 3102 ac
709 3026 780 3102 obst
807 3028 880 3102 nari
899 3054 918 3102 a
937 3029 1053 3103 Princi
1084 3030 1178 3116 ibus,
1204 3027 1365 3119 Levitis,
1386 3050 1427 3103 et
1440 3031 1498 3102 Sa·

282 3118 508 3211 cerdotibus,
533 3125 694 3196 omnium
710 3148 873 3215 nomme,
898 3126 959 3198 sub
979 3125 1141 3222 auspiciis
1157 3122 1243 3212 suis,
1272 3148 1304 3197 c.
1330 3125 1385 3200 tx
1402 3143 1441 3199 et
1454 3125 1498 3200 X.

281 3242 353 3318 quo
370 3216 525 3291 foederis
539 3219 635 3316 leges
653 3217 809 3311 exstant,
833 3220 1035 3298 recensitae.
1085 3222 1205 3295 Verba
1233 3243 1264 3293 c.
1290 3221 1337 3294 X:
1368 3244 1384 3296 1
1414 3238 1451 3295 et
1475 3240 1496 3293 a

283 3319 337 3393 ita
350 3313 521 3391 vertenda
545 3316 623 3389 sunt
648 3336 687 3391 et
713 3316 892 3412 capienda
940 3318 988 3393 Er
1004 3321 1038 3389 in
1062 3321 1146 3393 omni
1165 3317 1222 3389 luc
1249 3313 1327 3424 (seu
1350 3335 1498 3414 propter

285 3415 380 3506 hoc,
395 3414 442 3490 -h.
460 3436 492 3490 e,
518 3413 589 3487 hoc
606 3412 644 3487 in
660 3412 769 3498 statu,
797 3432 834 3486 et
852 3433 891 3486 ut
910 3433 1098 3500 votorum,
1123 3414 1159 3484 in
1175 3410 1340 3507 precibus
1356 3410 1496 3511 expres.-

284 3512 428 3600 sorum‚
451 3510 614 3585 fieremus
640 3504 841 3606 compotes)
867 3513 1050 3606 pepigimus
1069 3510 1204 3604 firmam
1221 3506 1502 3605 constitutionem

283 3631 328 3681 ac
344 3604 420 3701 stri
434 3604 560 3699 fimus,
598 3606 763 3705 (foedere
791 3604 883 3679 inito
912 3628 978 3677 nos
1010 3602 1258 3678 obstrinrimus
1288 3604 1500 3694 finniffuue,

285 3701 384 3776 simul
408 3627 562 3797 litipto,
588 3726 675 3798 quae
693 3701 852 3777 facienda
876 3697 1108 3798 suscepimus,
1140 3698 1441 3798 consignavimus)
1465 3718 1502 3774 et·

276 3798 378 3900 super
400 3799 594 3890 obligatione
619 3797 729 3895 nostra
747 3802 857 3910 princi
878 3824 912 3872 es
937 3795 1057 3894 nostri,
1092 3799 1211 3904 levitae
1235 3794 1365 3906 nostri,⁸
1381 3794 1523 3894 socen·

286 3897 374 3973 dotes
400 3890 498 3990 nostri
524 3892 717 3991 (signaculo
743 3818 897 4007 mprelio
921 3893 1172 3968 confirmarunt
1199 3893 1410 3984 rllromn1a‚
1436 3895 1497 3965 ob·

286 3987 474 4090 stgnationi
499 3990 691 4083 praeferri,
733 4017 793 4089 qur
827 3991 984 4066 omniurn
1016 3989 1052 4064 id
1083 3989 1245 4063 fecerunt
1273 3985 1435 4086 nomine)
1462 4002 1495 4062 er

276 4089 380 4198 [uper
396 4085 539 4185 fignoris
562 4086 737 4161 Neltemias
769 4086 944 4182 lirschata
967 4107 1037 4162 etc.
1064 4085 1126 4186 (iis
1151 4084 1331 4174 omnibus,
1357 4084 1419 4182 qui
1442 4081 1501 4158 sua

284 4183 517 4278 rnprefferunt
550 4176 672 4274 signa,
723 4183 783 4256 seu
823 4184 966 4257 fuerunt
999 4181 1150 4281 signati,
1197 4179 1393 4293 praefectus
1429 4178 1502 4255 fuit

286 4277 510 4369 Nehemias,
552 4294 654 4349 autor
688 4297 725 4351 et
749 4277 905 4352 direcior
938 4278 1049 4353 totius
1076 4279 1234 4375 negoti,
1267 4276 1326 4373 qui
1362 4276 1501 4374 primur

286 4374 396 4449 etiam
429 4370 668 4472 subsignavit.)
725 4371 861 4475 Quibus
887 4376 1038 4469 peraclis
1068 4376 1241 4471 primores
1262 4373 1415 4482 primum
1442 4372 1498 4447 in,

282 4470 406 4562 duxit,
447 4469 490 4544 ad
524 4471 646 4546 domos
676 4467 935 4566 Hierosolymis
973 4470 1223 4562 exstruendas,
1266 4490 1304 4541 et
1336 4468 1497 4542 incolen-

278 4566 371 4663 do,
405 4589 499 4671 quot
532 4568 591 4649 alii
626 4568 751 4670 sponte
791 4564 904 4645 secuti
937 4566 1039 4664 suut,
1081 4564 1194 4663 dein,
1218 4563 1331 4643 lette
1358 4562 1496 4738 guila,

663 2743 956 2816 'abemaculotum
973 2741 1165 2815 solenniter
1214 2763 1330 2851 uoque
1347 2743 1504 2817 celebra·
