3575 5884
284 1120 372 1195 540
636 1092 782 1194 isfloria
804 1089 1106 1193 Eccseſsajlt'eaffl,
1135 1098 1178 1175 T,

289 1281 451 1377 -Ternplo
470 1277 761 1376 secundm-atque
787 1277 938 1368 eodem,
963 1282 1060 1375 quod
1085 1281 1146 1357 sub
1166 1285 1416 1370 Zembbabele
1438 1321 1518 1377 con·

289 1378 405 1452 ditum
436 1378 507 1466 est,
546 1372 745 1450 constanter
778 1375 990 1449 habuerint:
1031 1401 1098 1453 nec
1125 1379 1198 1455 srne
1234 1386 1406 1483 ratione,
1441 1421 1512 1475 cunr

290 1474 482 1569 Templum
502 1494 570 1544 non
588 1470 700 1544 suerit
717 1470 761 1543 ab
777 1469 935 1547 hostibus
952 1472 1183 1566 destructum,
1209 1503 1280 1555 nec
1297 1483 1339 1559 in
1357 1511 1405 1563 eo
1420 1492 1511 1568 cella-

291 1569 386 1644 verit
403 1571 514 1642 cultus
531 1567 625 1641 sacer
638 1567 794 1653 ritualis‚
820 1567 877 1640 sed
893 1568 1183 1665 reaedificatum,
1207 1575 1268 1651 seu
1287 1604 1511 1682 renovatum,

290 1667 378 1740 adeo
405 1686 442 1736 ut
469 1665 611 1735 bdellias
635 1661 755 1736 noster
777 1661 894 1753 reete,
920 1663 1031 1737 stante
1060 1669 1216 1765 Templo
1232 1673 1406 1773 strando,
1432 1684 1509 1760 licut

287 1757 508 1858 praedidlum
532 1779 632 1851 erat,
657 1762 776 1857 Hagg.
802 1761 849 1834 11.
874 1779 911 1832 et
934 1761 1022 1833 Mal.
1049 1763 1116 1839 Ill.
1140 1767 1214 1841 dici
1239 1794 1349 1878 queat
1374 1781 1511 1858 venille.

333 1855 365 1953 s.
392 1858 529 1929 Dlllll.
557 1857 663 1961 Quod
685 1856 837 1950 denique
853 1854 897 1929 ad
921 1858 1103 1964 laternam,
1130 1863 1190 1938 seu
1216 1872 1367 1961 pretatis
1391 1896 1430 1949 et
1446 1878 1509 1952 vir-

286 1953 393 2041 tutis,
420 1953 546 2026 ilatum
566 1953 777 2050 Judaeorurn
796 1953 862 2025 hac
880 1953 1029 2045 perrodo
1049 1956 1209 2049 adtinet3
1233 1962 1422 2045 laudabilis
1436 1997 1508 2048 cen·

286 2047 357 2123 seri
382 2048 500 2146 potest
525 2049 584 2122 sub
603 2047 828 2122 Maccabaeis
851 2048 1046 2145 prioribus,
1074 2053 1119 2126 us
1137 2078 1180 2128 ue
1208 2057 1252 2131 ad
1272 2061 1534 2155 Alexandrum*

288 2145 505 2242 Jannaeurn,
531 2169 607 2243 rep.
636 2143 841 2253 instaurata,
864 2164 902 2218 et
919 2145 1102 2258 religionis
1112 2079 1235 2260 badio
1260 2157 1432 2258 vigente:
1456 2167 1509 2241 sed

286 2240 410 2340 postea
427 2241 567 2329 senfin,
595 2261 727 2314 exortis
744 2241 853 2313 turb1s
869 2260 907 2313 et
926 2242 1103 2319 rntestrnrs
1124 2247 1334 2346 drscordiis‚
1357 2263 1506 2349 maxime

284 2335 369 2434 post
402 2338 554 2411 firmatas
588 2336 683 2410 inter
709 2356 771 2407 eos
803 2333 912 2410 seems
935 2338 1197 2418 Pharisaeorum
1216 2367 1265 2431 ¹et
1289 2353 1507 2434 Sadducaeo-

284 2457 386 2523 rum,
420 2435 458 2508 in
485 2431 585 2528 pejus
607 2448 804 2539 coeperunt
829 2454 953 2522 ruere,
986 2434 1147 2512 dotlrina
1171 2460 1210 2514 et
1234 2447 1399 2528 moribus
1424 2456 1509 2532 haud

283 2551 410 2626 parurn
439 2528 645 2625 depravati3
677 2525 887 2602 introductis
918 2541 1051 2626 juoque
1087 2532 1259 2614 institutis
1281 2568 1326 2619 ac
1357 2553 1508 2641 moribus

284 2621 487 2701 Gentilium
514 2646 579 2722 per
605 2623 790 2700 Herodem
814 2625 893 2715 Μ,
913 2552 990 2721 dos.
1015 2629 1101 2713 Ant.
1127 2633 1277 2723 XVt-ss.
1327 2645 1398 2740 lpfi¹
1420 2649 1505 2725 Pha.

283 2720 408 2809 risaei,
434 2744 627 2884 eorumpue
643 2719 818 2808 adseclae,
843 2718 931 2818 legis
948 2720 1191 2814 observantiae
1216 2731 1403 2830 rigidioris
1426 2770 1506 2842 prae

282 2815 427 2920 reliquis
450 2815 564 2886 studio
578 2822 612 2901 r',
637 2837 660 2887 a
684 2837 770 2887 vera
791 2813 952 2890 doetrina
980 2816 1136 2912 salutari,
1160 2845 1199 2899 et
1215 2829 1376 2928 virtute,
1399 2865 1455 2915 ma
1477 2843 1505 2916 is

279 2907 459 3005 magrsque
493 2906 746 3001 desciverunt,
792 2909 961 2987 summam
993 2917 1175 3015 religionis
1208 2924 1247 3001 in
1332 2931 1504 3013 inionibus

281 3004 464 3093 inanibus,
499 3023 536 3077 et
562 3003 731 3078 institutis
763 3007 929 3104 legalibus
959 3011 1109 3090 minoris
1139 3041 1339 3118 momentr,
1375 3058 1504 3130 ponen-

281 3121 355 3187 tes,
382 3100 532 3173 animam
557 3120 593 3174 et
610 3102 684 3173 vim
711 3102 798 3195 legis
821 3105 981 3196 moralis,
1007 3133 1073 3203 per
1098 3113 1309 3196 traditiones
1333 3127 1408 3203 suas
1431 3156 1502 3205 cor·

279 3215 488 3293 rumpentes
506 3199 564 3271 vel
580 3215 810 3289 enervantes,
827 3200 962 3275 Matth.
981 3205 1080 3295 XV,
1097 3207 1304 3308 hypocrisin
1326 3225 1436 3302 etiam
1453 3229 1501 3301 in·

279 3294 450 3383 duentes,
476 3313 514 3366 et
533 3290 749 3389 superbiam,
775 3294 845 3371 sese
870 3296 945 3370 aliis
964 3297 1135 3394 jactantes
1160 3306 1378 3411 sanetiorer,
1401 3344 1439 3396 et
1456 3326 1499 3398 sa·

281 3391 501 3489 pientiorcs,
542 3389 668 3486 eosque
700 3410 889 3486 propterea
915 3415 1185 3478 contemnentes
1216 3425 1255 3481 et
1278 3410 1498 3494 damnantes:

277 3508 486 3583 praeterea,
511 3510 619 3584 opum
643 3506 680 3561 et
703 3487 836 3583 gloriae
861 3491 1014 3588 cupidi,
1030 3494 1140 3576 vitam
1165 3507 1352 3605 moresque
1377 3515 1429 3589 ita
1453 3517 1500 3590 in·

276 3581 490 3674 stituerunt,
532 3603 573 3658 ut
606 3607 721 3658 auram
756 3583 855 3684 vulgi
886 3608 1088 3684 captarent,
1129 3596 1221 3674 bona
1253 3608 1499 3702 corraderent,

278 3703 322 3760 ac
344 3680 461 3772 magni
487 3682 530 3752 ab
556 3679 630 3753 aliis
656 3680 804 3772 fierent,
839 3703 876 3757 et
900 3685 1158 3768 celebrarentur
1182 3711 1348 3794 tanquam
1374 3707 1498 3799 saneti,

279 3773 511 3867 omnibusque
537 3775 822 3867 dominarentur,
863 3782 977 3876 quales
1002 3782 1039 3855 in
1066 3787 1187 3882 primis
1215 3793 1286 3868 sese
1342 3803 1496 3878 raestite·

274 3890 363 3948 runt
379 3867 542 3944 doetores
565 3895 707 3961 eorum,
734 3872 805 3948 sese
825 3876 937 3951 Mosrs
962 3880 1054 3974 quast
1080 3885 1289 3963 successores
1309 3898 1496 3990 Jablantes,

279 3991 320 4046 et
350 3970 386 4043 in
411 3963 579 4038 cathedra
604 3969 678 4078 ejus
704 3967 894 4062 sedentes,
919 3998 999 4048 cum
1024 3981 1213 4054 autoritate
1236 4008 1398 4070 normam
1425 4022 1494 4072 cre·

275 4068 472 4143 dendorum
497 4078 534 4131 et
560 4061 802 4141 factendorum
829 4073 1106 4174 praescribendi:
1139 4078 1198 4174 qui
1224 4082 1395 4165 eriam-in
1423 4117 1496 4189 pre·

278 4165 398 4252 cibus,
433 4156 681 4252 eleemosynis,
712 4162 880 4259 jejunirs,
913 4167 1055 4264 aliisque
1080 4172 1353 4276 devotionibus,
1385 4192 1495 4286 palam

278 4261 351 4339 sese
377 4255 615 4344 ostentabant,
642 4272 679 4324 ut
704 4257 741 4329 in
766 4259 914 4332 aliorum
938 4264 1104 4341 notitiam
1130 4274 1315 4370 uenirent,
1341 4301 1380 4354 et
1406 4288 1493 4360 cele·

275 4362 459 4438 brarentur
484 4355 591 4426 Matr.
624 4349 681 4459 Vl
707 4368 742 4422 et
766 4356 899 4463 XXlll.
924 4362 1140 4464 'Sadducaei
1172 4393 1280 4463 vero,
1315 4375 1421 4474 hujus
1446 4383 1494 4456 vi·

277 4477 335 4532 tae
359 4449 460 4527 bonis
487 4465 667 4536 contentr,
693 4469 737 4518 eo
757 4462 873 4521 omn'ra
897 4450 1120 4551 dirigebant,
1147 4463 1247 4539 otiis
1272 4469 1492 4568 fruerentur,

274 4555 433 4651 adeoque
458 4543 643 4624 civitatem
667 4543 774 4648 modo
799 4565 982 4646 curantes,
1022 4571 1141 4634 cetera
1167 4561 1279 4660 genio
1311 4567 1493 4671 indulgen·

1330 4688 1338 4697 ’
1421 4688 1492 4760 res,
