3575 5884
311 603 1550 895 u

322 1158 395 1235 3⁴4
656 1122 801 1219 Hilsnrr'a
819 1120 1061 1227 Ecesefiafiicd
1079 1126 1124 1205 V.
1149 1128 1194 1207 T.

321 1322 425 1393 taem:
455 1316 579 1407 egerit.
603 1304 761 1401 nuditum
786 1328 905 1382 tamen
930 1328 1003 1384 tam
1027 1311 1225 1409 praeclare,
1257 1323 1420 1403 tantaque
1442 1324 1525 1379 curn

322 1442 422 1489 :tn-n.
453 1408 543 1491 :jum
561 1430 593 1477 :u
611 1402 784 1476 eandam
800 1424 944 1500 qaaere,
969 1430 1046 1507 cap.
1072 1409 1138 1497 IX,
1164 1409 1197 1479 X
1220 1423 1258 1481 et
1282 1404 1346 1477 XI.
1372 1422 1522 1497 quaeque

321 1538 440 1587 merea
460 1502 630 1577 'continet
663 1497 761 1589 sata,
804 1524 887 1575 curn
920 1502 991 1577 hoc
1023 1526 1183 1600 ternpore
1206 1496 1412 1599 conjunta,
1445 1518 1519 1573 cum

322 1600 574 1685 atterutrum,
600 1618 673 1669 uma
699 1598 968 1697 consequentia,
992 1600 1101 1673 modo
1124 1598 1162 1672 in
1186 1599 1300 1673 lucem
1333 1590 1513 1691 protea&

319 1710 418 1773 deus-2
440 1720 534 1767 :mm
561 1694 632 1790 ipsa
657 1716 815 1789 tempora
831 1696 1081 1783 Maccabaeica,
1105 1714 1297 1786 eorumque
1314 1688 1512 1769 felicitatem

308 1818 344 1867 e:
370 1814 511 1887 pacem,
549 1790 715 1864 describit
741 1790 825 1862 octo
849 1791 974 1884 primis
1001 1788 1180 1864 versiculis
1207 1811 1287 1884 cap,
1313 1787 1377 1863 HL
1425 1782 1511 1858 Dein

308 1892 346 1961 ie.
365 1886 545 1959 laetitiimo
571 1886 645 1957 sato
670 1884 928 1981 consequente,
954 1887 1080 1959 brema
1105 1884 1259 1974 scilicet,
1285 1881 1427 1979 ejusque
1440 1901 1508 1975 reg·

305 2008 374 2063 tc,
397 1982 604 2055 delineanda
628 1980 802 2069 versatur,
826 1983 950 2056 avers.
976 2006 1011 2075 9.
1037 1982 1141 2078 usque
1166 1981 1208 2057 ad
1233 2002 1376 2059 rantum.
1424 1978 1506 2053 Mox

304 2080 377 2157 κίε
400 2078 444 2151 td
467 2077 540 2153 sata
565 2076 810 2149 antecedentia
833 2076 967 2168 eertit,
1010 2096 1047 2151 et
1080 2077 1258 2153 heroicam
1285 2074 1502 2151 Maccabaee

305 2202 386 2251 rere
410 2176 576 2247 tirtutem
601 2171 816 2245 rit-iussione
835 2174 1097 2268 repraesentat,
1136 2172 1350 2265 modumque
1374 2167 1502 2265 pandit,

305 2296 377 2349 aaa
401 2270 546 2369 populun
572 2266 653 2338 isiud
670 2268 910 2363 prosperitatis
936 2271 1075 2343 culmen
1100 2267 1278 2345 adscendit
1304 2264 1427 2341 avers
1452 2284 1500 2356 13·

303 2352 349 2445 ἑά
372 2368 431 2440 sin.
455 2388 530 2459 cap.
556 2362 619 2442 iX,
649 2364 748 2459 quod
770 2361 885 2458 ipsum
913 2361 1038 2453 fustus,
1080 2364 1193 2460 quoad
1218 2384 1341 2435 omnes
1365 2360 1499 2439 circum

304 2464 459 2546 thuriae,
501 2456 700 2555 exsequitur
724 2480 800 2552 cap.
835 2460 880 2537 X.
913 2462 1052 2555 quando
1080 2463 1226 2553 alterum
1261 2458 1372 2535 etiarn
1402 2454 1502 2529 casum

302 2556 590 2649 cmsequeutem,
630 2552 853 2626 tristissmum
884 2556 1000 2645 illurn,
1038 2580 1109 2652 quo
1136 2575 1212 2627 tota
1237 2554 1346 2649 Resp,
1372 2550 1502 2649 Judaict

298 2650 499 2757 pessundata
521 2646 593 2737 est,
618 2648 804 2738 describit,
830 2668 869 2723 et
894 2650 933 2722 in
955 2676 1005 2724 eo
1032 2651 1244 2724 concionem
1268 2649 1443 2723 terminat.

340 2746 373 2847 ς.
400 2747 640 2819 CCCXLVII.
666 2746 749 2851 Quo
776 2746 901 2820 ultimo
925 2747 1061 2844 capite,
1090 2765 1132 2819 ut
1159 2747 1232 2842 ejus
1256 2744 1414 2842 aliquem
1429 2743 1504 2817 deur

294 2840 542 2937 conspertum,
567 2842 728 2913 ultimum
753 2842 932 2916 excidium
956 2844 1152 2939 Prophetae
1174 2840 1303 2915 srstitur
1328 2838 1503 2938 praesens,

293 2940 456 3041 ipseque,
492 2938 533 3009 iu
562 2936 618 3009 issa
655 2957 813 3034 tempora
838 2939 990 3030 delatus,
1022 2937 1315 3027 destructionem,
1350 2957 1504 3033 tanquam

321 3034 533 3121 raesentem,
553 3033 760 3123 adnunciat,
781 3036 996 3131 anatesque,
1023 3057 1168 3131 magnos
1184 3056 1332 3131 parvos,
1359 3032 1505 3107 summos

289 3130 454 3215 infimos,
478 3130 520 3200 ad
536 3128 712 3223 planetum
737 3151 847 3203 votat
871 3150 910 3204 et
929 3133 1112 3227 njulaturn,
1139 3130 1198 3204 seu
1215 3154 1338 3202 eorum
1354 3127 1506 3227 gemitus

288 3248 329 3301 ct
354 3226 504 3299 lamenta
538 3222 749 3296 viridissime
782 3225 965 3322 depingit,
1010 3226 1098 3300 vers.
1128 3248 1235 3319 1-3.
1284 3226 1437 3325 Qrmrdu
1463 3221 1505 3297 ad

289 3322 426 3411 causas,
450 3318 614 3407 modum,
640 3340 678 3392 et
695 3319 839 3417 gradum
864 3319 1109 3396 destruetionis
1124 3321 1264 3419 pergit,
1289 3320 1376 3393 inde
1401 3321 1503 3421 usque

287 3418 333 3493 ad
357 3419 417 3498 sin,
442 3437 518 3511 cap.
563 3416 646 3522 Qua
669 3415 837 3513 pericopa
864 3417 1101 3492 necessitatem
1128 3437 1166 3489 et
1185 3414 1360 3512 justitiam
1390 3415 1505 3489 totalis

285 3509 532 3587 desturetionis
557 3537 602 3586 ex
628 3536 673 3585 eo
696 3511 931 3606 demonstrat,
972 3514 1066 3609 quod
1097 3510 1337 3587 conversionis
1369 3513 1504 3600 media,

282 3630 373 3705 quae
400 3608 499 3681 Deus
525 3610 729 3689 adhibuerat
754 3608 906 3697 summa,
938 3610 1074 3683 irritum
1100 3608 1288 3685 habuerint
1313 3608 1505 3695 effessum

282 3700 472 3777 manifesto
503 3704 662 3795 iudicio,
702 3704 927 3779 insanabidern
958 3705 1027 3778 esse
1056 3706 1178 3801 populi
1206 3705 1498 3802 corruptionem,

282 3820 324 3877 ct
346 3798 515 3875 summurn
540 3799 699 3895 adtigisse
717 3800 904 3899 fastigium.
954 3802 1052 3876 Inter
1077 3824 1164 3895 quae
1179 3799 1295 3876 media
1312 3799 1502 3897 praecipue

280 3894 355 3973 suit
380 3894 493 3968 missio
509 3897 657 3970 Messrae
672 3896 711 3968 in
727 3898 914 3986 muudum,
940 3897 983 3970 ad
1002 3896 1190 3972 Ecclesiam
1210 3921 1254 3970 ex
1270 3895 1410 3992 Judaeis
1424 3893 1498 3967 cos·

282 3992 480 4095 ligendaru,
514 4010 551 4062 et
577 3992 728 4088 reliquos
752 3993 862 4069 officii
889 3993 1146 4081 admonendos,
1179 3993 1205 4067 sr
1231 4012 1389 4070 extrema
1409 3988 1501 4065 mala

308 4087 491 4164 mevenire
505 4087 657 4160 veilent:
683 4087 815 4184 quippe
831 4115 851 4163 a
867 4114 937 4185 quo
954 4089 1100 4177 Mesua,
1124 4090 1243 4184 spreto
1260 4090 1318 4162 vel
1334 4086 1503 4175 admisso,

276 4114 367 4263 iosus
399 4185 458 4259 rel
483 4182 580 4255 ruina
606 4183 715 4279 Reip.
742 4203 817 4256 erat
850 4185 1019 4278 suspensa.
1068 4187 1215 4259 Enarrat
1246 4184 1368 4282 itaque
1396 4210 1430 4261 1.
1459 4182 1501 4257 il·

277 4282 345 4357 lius
371 4280 538 4375 pastoris,
564 4279 716 4447 persona
744 4281 818 4373 ejus
846 4279 1032 4374 adoptata,
1096 4283 1270 4378 propheta
1294 4280 1391 4353 enirn
1423 4279 1502 4377 ipse

274 4378 316 4453 in
333 4376 474 4449 scenam
499 4399 563 4473 pro
587 4372 720 4463 utitur,
749 4374 807 4445 sed
830 4396 992 4469 tanquam
1009 4388 1156 4471 persona
1182 4377 1319 4451 scenica
1335 4377 1505 4453 Mesfiam

273 4472 559 4571 repraesentans,
585 4489 621 4544 et
639 4467 794 4562 contigit
819 4467 884 4566 ipsr
908 4471 996 4546 haec
1023 4473 1194 4546 revesatio
1218 4473 1257 4548 in
1286 4471 1363 4549 viso
1387 4469 1516 4547 etsta-¹

272 4564 393 4681 tiam)
417 4567 633 4661 misiiumm,
658 4566 733 4665 ejus
757 4565 932 4649 rationem
961 4589 998 4643 et
1024 4567 1285 4666 neceffitaem,
1323 4592 1345 4647 a
1368 4566 1508 4741 sumffio

827 4698 830 4707 ·
1340 4688 1442 4771 perte
1479 4687 1504 4741 ο
