3575 5884
282 1119 356 1209 318
624 1101 771 1202 Historia
785 1096 1033 1201 ecclesrastnn
1051 1101 1094 1177 V.
1124 1098 1165 1177 Y.

284 1287 393 1374 Diod.
430 1286 500 1361 Sic.
531 1284 555 1360 s.
587 1284 708 1359 XVII.
767 1309 800 1379 3.
835 1283 1021 1359 Praeterea
1051 1286 1128 1356 duos
1160 1280 1262 1357 fuisse
1295 1283 1507 1384 praecipuos

283 1385 390 1491 regni
417 1382 578 1469 statores,
618 1381 679 1478 qui
705 1403 853 1477 regnum
896 1383 956 1454 vel
983 1380 1190 1471 fundarunt,
1231 1380 1290 1452 vel
1313 1382 1498 1479 amplifica-

285 1501 393 1570 runt3
424 1498 461 1553 et
489 1496 618 1553 novam
642 1500 687 1549 ex
713 1477 747 1550 se
772 1475 960 1551 ediderunt
984 1475 1150 1550 familiam
1180 1476 1337 1571 regiam,
1372 1483 1500 1575 Cyrum

287 1599 370 1676 puta
398 1594 435 1648 et
460 1572 608 1649 Darium
633 1571 836 1670 Hystaspis,
876 1571 938 1668 qui
962 1592 1151 1669 propterea
1177 1597 1254 1646 cum
1283 1577 1410 1649 duobus
1433 1600 1503 1672 cere¹

161 1688 165 1702 ·
284 1679 377 1748 nibus
408 1667 527 1741 arietis
561 1688 808 1766 comparantur
844 1668 935 1742 Dan
962 1669 1066 1743 VIII.
1098 1669 1142 1743 de
1165 1694 1235 1765 quo
1259 1669 1410 1765 postea,
1441 1669 1497 1751 ubi

280 1769 326 1843 de
367 1764 479 1841 Dario
518 1786 631 1862 agam
686 1789 722 1859 4.
754 1764 919 1861 Denique
956 1782 1060 1859 ¹reges
1092 1766 1270 1841 Persarum
1305 1767 1435 1843 venire
1466 1760 1501 1842 in'

280 1863 340 1939 lib.
367 1863 457 1936 Data
483 1884 525 1933 ac
553 1862 688 1936 Esther.
723 1861 867 1936 nomine
892 1883 1018 1969 regum
1044 1863 1216 1937 Medorum
1239 1882 1277 1935 et
1301 1862 1499 1960 Persarum,

280 1959 544 2034 velPersarum
574 1979 618 2032 ac
640 1959 852 2047 Medorum,
893 1976 947 2031 uti
969 1955 1074 2030 etiam
1110 1959 1202 2053 apud
1226 1958 1371 2033 Arrian.
1410 1961 1498 2057 Exp.

282 2055 386 2130 illex.
413 2055 434 2127 l.
461 2055 547 2128 VII.
588 2052 663 2128 imo
706 2054 849 2131 nomina
880 2051 1058 2125 Persarum
1091 2076 1131 2126 ac
1163 2056 1359 2141 Medorum
1399 2057 1456 2131 sae

281 2148 454 2225 confundi
479 2173 499 2221 a
517 2149 663 2225 Graecis
689 2150 839 2247 Script.‚
864 2147 924 2244 qui
940 2146 1055 2223 Persas
1071 2148 1190 2245 passim
1206 2151 1353 2225 nomine
1368 2079 1497 2229 Meg.

282 2270 361 2321 rum
389 2244 555 2344 insignire
571 2246 694 2320 solent.
743 2247 849 2340 Cujus
872 2246 926 2319 rei
950 2245 1124 2334 rationes,
1148 2270 1231 2342 quas
1245 2247 1337 2323 Diff.
1364 2248 1431 2323 Ill.
1454 2242 1495 2321 cd

283 2344 375 2419 Dan.
397 2343 469 2438 jam
484 2340 633 2436 produxi
642 2353 660 2428 ,‘
680 2364 752 2413 non
770 2340 849 2413 sunt
871 2341 978 2434 longe
1002 2343 1228 2437 quaerendae.
1274 2346 1390 2442 Cyru
1404 2343 1495 2421 enin

282 2436 353 2515 suit
376 2436 476 2510 areo
499 2435 587 2508 curn¹
605 2435 726 2509 Medis
757 2435 901 2511 vinculo
925 2436 1153 2531 conjunelus,
1193 2456 1232 2511 et
1255 2437 1329 2513 duo
1356 2439 1408 2513 illi
1435 2464 1494 2538 po·

284 2532 379 2633 puli,
414 2531 520 2605 unitis
543 2531 695 2619 viribus,
731 2531 834 2606 Medi
860 2529 1059 2619 Persarum,
1094 2557 1135 2607 ac
1161 2533 1281 2609 Persae
1305 2537 1498 2611 Medorum

283 2652 352 2735 ope
378 2626 509 2724 adjuti,
544 2626 773 2702 Monarclrias
796 2627 868 2701 suas
900 2627 1156 2718 condiderunt3
1190 2630 1345 2727 denique
1370 2634 1496 2707 Medo·

280 2748 360 2805 cum
384 2747 500 2798 mores
524 2745 561 2797 et
585 2722 730 2814 statuta,
755 2746 824 2797 una
848 2745 928 2799 curn
951 2746 1082 2821 regno,
1109 2725 1319 2800 transierunt
1345 2728 1389 2805 ad
1420 2729 1495 2802 Per·

283 2821 355 2908 sas,
395 2823 485 2892 adeo
509 2840 548 2892 ut
573 2820 693 2892 Persae
728 2819 799 2892 dici
825 2819 1007 2916 potuerint
1040 2818 1076 2890 in
1100 2823 1231 2897 Medos
1253 2823 1495 2919 degenerasse,

281 2931 320 2989 et
344 2913 498 3007 speciem
531 2914 678 2986 induisse
703 2916 906 2989 Medicam:
948 2916 993 2988 de
1018 2939 1088 3010 quo
1117 2937 1256 3011 praeter
1281 2920 1449 3017 Xenoph.
1476 2921 1496 2995 l.

282 3011 387 3084 VIII.
429 3008 622 3082 luculenter
655 3009 800 3084 testatur
826 3012 950 3085 Strabo
977 3013 1109 3106 Geogr.
1135 3015 1156 3086 l.
1182 3015 1243 3088 XI.
1279 3015 1363 3105 ubi,
1407 3017 1497 3092 inter

280 3105 366 3194 alia,
397 3103 505 3191 dicit,
532 3104 698 3197 Perſscum
717 3106 865 3203 vestitam
877 3163 897 3195 ,.
903 3106 1091 3203 sagittandi
1107 3134 1148 3185 uc
1169 3114 1218 3182 rei
1234 3109 1390 3206 equestris
1407 3113 1499 3209 sum·

279 3225 365 3277 mum
390 3197 554 3296 studium,
594 3226 764 3296 regumque
793 3206 934 3290 cultum,
976 3223 1146 3293 ornatum,
1189 3222 1222 3280 el
1245 3209 1379 3282 honores
1411 3200 1500 3306 quast

281 3300 428 3387 divinos,
468 3300 522 3406 qui
553 3300 685 3392 regibus
715 3325 737 3370 a
763 3300 910 3395 subditis
943 3298 1122 3388 labentur,
1166 3327 1187 3372 a
1219 3305 1331 3377 Medis
1367 3302 1498 3401 νσηξΙῙι,

282 3395 403 3472 Persae
432 3413 553 3496 utrque
575 3395 680 3489 longe
703 3394 760 3464 alii
789 3395 951 3482 suerunt,
992 3413 1175 3493 antequam
1200 3396 1370 3473 Medicos
1394 3401 1460 3474 ado

282 3490 402 3566 rarunt
425 3515 564 3579 mores3
597 3513 697 3587 quam
721 3493 832 3564 vitam
858 3489 1082 3586 indolemque
1105 3492 1320 3585 primaevam
1353 3499 1498 3594 egregie

280 3585 1075 3780 pquqqsiffqerqisslorqqpinptaqqrtphdpeglqppep
1100 3589 1500 3782 lfqlpopdlplifidicituzqupp

271 3779 392 3877 secere
414 3706 544 3871 poteprot
568 3739 730 3871 rolrislos,
755 3799 787 3853 et
804 3784 857 3874 qui
871 3779 940 3873 sub
966 3779 1015 3852 dio
1040 3783 1179 3876 jecere,
1205 3800 1237 3855 er
1254 3714 1358 3860 roianqr
1378 3787 1495 3857 nedem

281 3875 420 3969 vigilare
446 3891 478 3943 et
506 3872 733 3967 castrametari
751 3893 914 3971 poterant.
1486 3928 1488 3933 -

288 4025 292 4033 .
327 3968 357 4069 q
384 3970 741 4066 cccxxuepus,
768 3993 806 4044 ut
827 3971 1073 4049 successionem
1099 3987 1136 4042 et
1164 3970 1344 4049 historiam
1370 3996 1495 4071 regum

281 4066 428 4143 striclim
456 4082 493 4136 et
524 4064 719 4139 summatim
748 4069 898 4158 tradam,
922 4069 1093 4164 prolixior
1119 4069 1213 4142 enim
1240 4071 1404 4145 traslatio
1428 4093 1498 4145 nec

282 4161 486 4252 necessaria,
513 4182 580 4231 nec
606 4161 713 4257 scopo
730 4162 848 4236 nostro
875 4188 1033 4258 congrua
1049 4162 1118 4251 est,
1145 4165 1244 4255 regni
1265 4165 1499 4243 Monarchici

280 4252 467 4348 fundator,
495 4258 556 4332 Gr.
582 4282 686 4345 zero,
712 4275 748 4327 et
772 4256 809 4329 in
836 4258 967 4353 Script.
996 4262 1030 4333 S.
1058 4268 1160 4371 ψῃ)
1187 4263 1339 4360 Coresclr,
1372 4263 1499 4339 secun·

281 4411 362 4483 dnm
396 4408 635 4506 purrdlaturam
670 4403 888 4494 Mesenen,
928 4407 1078 4497 foslius,
1119 4411 1194 4484 aliis
1216 4438 1295 4488 cum
1359 4411 1497 4503 trustis,

279 4518 384 4623 Μ)
408 4506 580 4611 epirosen,
597 4502 673 4614 cui
690 4504 800 4601 Cyrus
823 4500 971 4602 propius
995 4507 1204 4623 respondet,
1239 4533 1382 4589 nomme
1398 4508 1498 4623 sorte

1355 4653 1382 4740 'a
1412 4652 1501 4752 v'rn
