<?xml version="1.0" encoding="UTF-8"?>
<!DOCTYPE html PUBLIC "-//W3C//DTD XHTML 1.0 Transitional//EN"
    "http://www.w3.org/TR/xhtml1/DTD/xhtml1-transitional.dtd">
<html xmlns="http://www.w3.org/1999/xhtml" xml:lang="en" lang="en">
 <head>
  <title>
</title>
<meta http-equiv="Content-Type" content="text/html;charset=utf-8" />
  <meta name='ocr-system' content='tesseract 3.04.00' />
  <meta name='ocr-capabilities' content='ocr_page ocr_carea ocr_par ocr_line ocrx_word'/>
</head>
<body>
  <div class='ocr_page' id='page_1' title='image "./hermannivenemai04venegoog/hermannivenemai04venegoog_0265.png"; bbox 0 0 3575 5884; ppageno 0'>
   <div class='ocr_carea' id='block_1_1' title="bbox 725 683 1503 785">
    <p class='ocr_par' dir='ltr' id='par_1_1' title="bbox 725 683 1503 785">
     <span class='ocr_line' id='line_1_1' title="bbox 725 683 1503 785; baseline -0.001 -29"><span class='ocrx_word' id='word_1_1' title='bbox 725 685 878 757; x_wconf 80' lang='lat' dir='ltr'>I’erioclus</span> <span class='ocrx_word' id='word_1_2' title='bbox 903 683 1043 785; x_wconf 59' lang='lat' dir='ltr'>,Quinta</span> <span class='ocrx_word' id='word_1_3' title='bbox 1437 706 1503 776; x_wconf 74' lang='lat'>257</span> 
     </span>
    </p>
   </div>
   <div class='ocr_carea' id='block_1_2' title="bbox 285 855 1503 1545">
    <p class='ocr_par' dir='ltr' id='par_1_2' title="bbox 285 855 1503 1545">
     <span class='ocr_line' id='line_1_2' title="bbox 309 855 1503 964; baseline 0.01 -36"><span class='ocrx_word' id='word_1_4' title='bbox 309 855 417 964; x_wconf 74' lang='lat' dir='ltr'>incolae</span> <span class='ocrx_word' id='word_1_5' title='bbox 451 860 488 933; x_wconf 93' lang='lat' dir='ltr'>in</span> <span class='ocrx_word' id='word_1_6' title='bbox 515 862 651 954; x_wconf 70' lang='lat' dir='ltr'>ruram,</span> <span class='ocrx_word' id='word_1_7' title='bbox 683 863 832 940; x_wconf 84' lang='lat' dir='ltr'>Mediae</span> <span class='ocrx_word' id='word_1_8' title='bbox 862 864 1069 963; x_wconf 85' lang='lat' dir='ltr'>regionem,</span> <span class='ocrx_word' id='word_1_9' title='bbox 1112 860 1336 962; x_wconf 87' lang='lat' dir='ltr'>transportati</span> <span class='ocrx_word' id='word_1_10' title='bbox 1361 864 1437 937; x_wconf 86' lang='lat' dir='ltr'>sunt</span> <span class='ocrx_word' id='word_1_11' title='bbox 1465 868 1503 940; x_wconf 87' lang='lat' dir='ltr'>in</span> 
     </span>
     <span class='ocr_line' id='line_1_3' title="bbox 306 955 1501 1057; baseline 0.008 -32"><span class='ocrx_word' id='word_1_12' title='bbox 306 955 435 1031; x_wconf 78' lang='lat' dir='ltr'>erilium.</span> <span class='ocrx_word' id='word_1_13' title='bbox 484 958 543 1031; x_wconf 91' lang='lat' dir='ltr'>De</span> <span class='ocrx_word' id='word_1_14' title='bbox 568 961 666 1034; x_wconf 90' lang='lat' dir='ltr'>urbis</span> <span class='ocrx_word' id='word_1_15' title='bbox 698 961 904 1053; x_wconf 79' lang='lat' dir='ltr'>eversione,</span> <span class='ocrx_word' id='word_1_16' title='bbox 937 961 1024 1034; x_wconf 91' lang='lat' dir='ltr'>licet</span> <span class='ocrx_word' id='word_1_17' title='bbox 1050 960 1118 1033; x_wconf 89' lang='lat' dir='ltr'>srnt</span> <span class='ocrx_word' id='word_1_18' title='bbox 1142 961 1202 1057; x_wconf 91' lang='lat' dir='ltr'>qui</span> <span class='ocrx_word' id='word_1_19' title='bbox 1226 960 1319 1034; x_wconf 91' lang='lat' dir='ltr'>illam</span> <span class='ocrx_word' id='word_1_20' title='bbox 1337 959 1501 1035; x_wconf 85' lang='lat' dir='ltr'>adtritam</span> 
     </span>
     <span class='ocr_line' id='line_1_4' title="bbox 304 1051 1498 1153; baseline 0.003 -27"><span class='ocrx_word' id='word_1_21' title='bbox 304 1066 418 1127; x_wconf 84' lang='lat' dir='ltr'>tautum</span> <span class='ocrx_word' id='word_1_22' title='bbox 443 1051 580 1146; x_wconf 87' lang='lat' dir='ltr'>velint,</span> <span class='ocrx_word' id='word_1_23' title='bbox 619 1078 685 1131; x_wconf 89' lang='lat' dir='ltr'>nos</span> <span class='ocrx_word' id='word_1_24' title='bbox 707 1057 867 1134; x_wconf 87' lang='lat' dir='ltr'>dubitare</span> <span class='ocrx_word' id='word_1_25' title='bbox 900 1079 973 1131; x_wconf 92' lang='lat' dir='ltr'>non</span> <span class='ocrx_word' id='word_1_26' title='bbox 997 1056 1080 1131; x_wconf 79' lang='lat' dir='ltr'>sinit</span> <span class='ocrx_word' id='word_1_27' title='bbox 1100 1054 1290 1153; x_wconf 87' lang='lat' dir='ltr'>prophetia</span> <span class='ocrx_word' id='word_1_28' title='bbox 1321 1054 1442 1130; x_wconf 87' lang='lat' dir='ltr'>Amos.</span> <span class='ocrx_word' id='word_1_29' title='bbox 1468 1058 1498 1130; x_wconf 89' lang='lat' dir='ltr'>l:</span> 
     </span>
     <span class='ocr_line' id='line_1_5' title="bbox 298 1150 1501 1255; baseline 0.002 -32"><span class='ocrx_word' id='word_1_30' title='bbox 298 1169 389 1255; x_wconf 61' lang='lat' dir='ltr'>tet</span> <span class='ocrx_word' id='word_1_31' title='bbox 412 1150 636 1247; x_wconf 87' lang='lat' dir='ltr'>comparatio</span> <span class='ocrx_word' id='word_1_32' title='bbox 669 1176 751 1229; x_wconf 92' lang='lat' dir='ltr'>curn</span> <span class='ocrx_word' id='word_1_33' title='bbox 782 1153 934 1230; x_wconf 84' lang='lat' dir='ltr'>Samaria</span> <span class='ocrx_word' id='word_1_34' title='bbox 965 1151 1035 1250; x_wconf 83' lang='lat' dir='ltr'>Jes.</span> <span class='ocrx_word' id='word_1_35' title='bbox 1061 1153 1106 1227; x_wconf 88' lang='lat' dir='ltr'>X:</span> <span class='ocrx_word' id='word_1_36' title='bbox 1132 1175 1189 1243; x_wconf 91' lang='lat'>9.,</span> <span class='ocrx_word' id='word_1_37' title='bbox 1230 1176 1276 1228; x_wconf 88' lang='lat' dir='ltr'>ne</span> <span class='ocrx_word' id='word_1_38' title='bbox 1307 1172 1501 1226; x_wconf 85' lang='lat' dir='ltr'>memorem</span> 
     </span>
     <span class='ocr_line' id='line_1_6' title="bbox 295 1245 1499 1343; baseline 0.004 -25"><span class='ocrx_word' id='word_1_39' title='bbox 295 1246 476 1319; x_wconf 79' lang='lat' dir='ltr'>incolarum</span> <span class='ocrx_word' id='word_1_40' title='bbox 499 1246 545 1321; x_wconf 89' lang='lat' dir='ltr'>de</span> <span class='ocrx_word' id='word_1_41' title='bbox 571 1248 807 1343; x_wconf 86' lang='lat' dir='ltr'>ortationem,</span> <span class='ocrx_word' id='word_1_42' title='bbox 844 1250 869 1325; x_wconf 88' lang='lat' dir='ltr'>sr</span> <span class='ocrx_word' id='word_1_43' title='bbox 921 1273 979 1323; x_wconf 90' lang='lat' dir='ltr'>um</span> <span class='ocrx_word' id='word_1_44' title='bbox 1001 1245 1193 1323; x_wconf 77' lang='lat' dir='ltr'>destruttae</span> <span class='ocrx_word' id='word_1_45' title='bbox 1223 1248 1328 1324; x_wconf 75' lang='lat' dir='ltr'>urbis</span> <span class='ocrx_word' id='word_1_46' title='bbox 1375 1245 1499 1323; x_wconf 90' lang='lat' dir='ltr'>Postea</span> 
     </span>
     <span class='ocr_line' id='line_1_7' title="bbox 292 1272 1498 1442; baseline 0.002 -25"><span class='ocrx_word' id='word_1_47' title='bbox 292 1358 400 1417; x_wconf 85' lang='lat' dir='ltr'>tamen</span> <span class='ocrx_word' id='word_1_48' title='bbox 422 1272 648 1421; x_wconf 76' lang='lat' dir='ltr'>reaediicata</span> <span class='ocrx_word' id='word_1_49' title='bbox 670 1343 741 1436; x_wconf 90' lang='lat' dir='ltr'>est,</span> <span class='ocrx_word' id='word_1_50' title='bbox 769 1366 807 1423; x_wconf 90' lang='lat' dir='ltr'>et</span> <span class='ocrx_word' id='word_1_51' title='bbox 830 1368 868 1420; x_wconf 90' lang='lat' dir='ltr'>re</span> <span class='ocrx_word' id='word_1_52' title='bbox 897 1345 1011 1433; x_wconf 90' lang='lat' dir='ltr'>oruit,</span> <span class='ocrx_word' id='word_1_53' title='bbox 1044 1363 1084 1419; x_wconf 89' lang='lat' dir='ltr'>ut</span> <span class='ocrx_word' id='word_1_54' title='bbox 1111 1366 1157 1418; x_wconf 86' lang='lat' dir='ltr'>ex</span> <span class='ocrx_word' id='word_1_55' title='bbox 1181 1346 1255 1442; x_wconf 89' lang='lat' dir='ltr'>Jer.</span> <span class='ocrx_word' id='word_1_56' title='bbox 1280 1345 1410 1421; x_wconf 88' lang='lat' dir='ltr'>XLIX:</span> <span class='ocrx_word' id='word_1_57' title='bbox 1439 1367 1498 1441; x_wconf 84' lang='lat'>23.</span> 
     </span>
     <span class='ocr_line' id='line_1_8' title="bbox 285 1436 1501 1545; baseline 0 -30"><span class='ocrx_word' id='word_1_58' title='bbox 285 1436 400 1539; x_wconf 79' lang='lat' dir='ltr'>colligi</span> <span class='ocrx_word' id='word_1_59' title='bbox 425 1437 557 1536; x_wconf 88' lang='lat' dir='ltr'>potest.</span> <span class='ocrx_word' id='word_1_60' title='bbox 608 1440 809 1540; x_wconf 83' lang='lat' dir='ltr'>Regiouem</span> <span class='ocrx_word' id='word_1_61' title='bbox 833 1465 922 1517; x_wconf 87' lang='lat' dir='ltr'>vero</span> <span class='ocrx_word' id='word_1_62' title='bbox 946 1444 1017 1545; x_wconf 71' lang='grc' dir='ltr'>ἹῬ</span> <span class='ocrx_word' id='word_1_63' title='bbox 1043 1440 1159 1514; x_wconf 84' lang='lat' dir='ltr'>Kiram</span> <span class='ocrx_word' id='word_1_64' title='bbox 1182 1443 1219 1513; x_wconf 92' lang='lat' dir='ltr'>in</span> <span class='ocrx_word' id='word_1_65' title='bbox 1244 1441 1371 1516; x_wconf 92' lang='lat' dir='ltr'>Media</span> <span class='ocrx_word' id='word_1_66' title='bbox 1394 1465 1501 1541; x_wconf 88' lang='lat' dir='ltr'>quae·</span> 
     </span>
    </p>
   </div>
   <div class='ocr_carea' id='block_1_3' title="bbox 281 1532 1587 1635">
    <p class='ocr_par' dir='ltr' id='par_1_3' title="bbox 281 1532 1587 1635">
     <span class='ocr_line' id='line_1_9' title="bbox 281 1532 1587 1635; baseline -0.004 -20"><span class='ocrx_word' id='word_1_67' title='bbox 281 1534 423 1617; x_wconf 82' lang='lat' dir='ltr'>rendam</span> <span class='ocrx_word' id='word_1_68' title='bbox 447 1532 541 1626; x_wconf 81' lang='lat' dir='ltr'>effe,</span> <span class='ocrx_word' id='word_1_69' title='bbox 578 1536 753 1634; x_wconf 86' lang='lat' dir='ltr'>Elymaidi</span> <span class='ocrx_word' id='word_1_70' title='bbox 776 1538 953 1628; x_wconf 89' lang='lat' dir='ltr'>vicinam,</span> <span class='ocrx_word' id='word_1_71' title='bbox 995 1537 1146 1612; x_wconf 88' lang='lat' dir='ltr'>aBoch.</span> <span class='ocrx_word' id='word_1_72' title='bbox 1180 1537 1313 1635; x_wconf 82' lang='lat' dir='ltr'>Geogr.</span> <span class='ocrx_word' id='word_1_73' title='bbox 1345 1540 1380 1613; x_wconf 88' lang='lat' dir='ltr'>S.</span> <span class='ocrx_word' id='word_1_74' title='bbox 1406 1564 1441 1635; x_wconf 91' lang='lat' dir='ltr'>p.</span> <span class='ocrx_word' id='word_1_75' title='bbox 1468 1539 1498 1615; x_wconf 91' lang='lat' dir='ltr'>l.</span> <span class='ocrx_word' id='word_1_76' title='bbox 1584 1604 1587 1610; x_wconf 92' lang='lat'><em>.</em></span> 
     </span>
    </p>
   </div>
   <div class='ocr_carea' id='block_1_4' title="bbox 278 1629 1500 2213">
    <p class='ocr_par' dir='ltr' id='par_1_4' title="bbox 278 1629 1500 2213">
     <span class='ocr_line' id='line_1_10' title="bbox 283 1629 566 1721; baseline -0.004 -14"><span class='ocrx_word' id='word_1_77' title='bbox 283 1634 348 1709; x_wconf 89' lang='lat' dir='ltr'>IV.</span> <span class='ocrx_word' id='word_1_78' title='bbox 364 1650 414 1721; x_wconf 85' lang='lat' dir='ltr'>¹et</span> <span class='ocrx_word' id='word_1_79' title='bbox 439 1629 566 1705; x_wconf 89' lang='lat' dir='ltr'>Vitriu</span> 
     </span>
     <span class='ocr_line' id='line_1_11' title="bbox 281 1656 1495 1828; baseline -0.002 -22"><span class='ocrx_word' id='word_1_80' title='bbox 281 1728 351 1822; x_wconf 85' lang='lat' dir='ltr'>est,</span> <span class='ocrx_word' id='word_1_81' title='bbox 374 1746 487 1803; x_wconf 83' lang='lat' dir='ltr'>etex</span> <span class='ocrx_word' id='word_1_82' title='bbox 511 1656 629 1825; x_wconf 54' lang='lat' dir='ltr'>Jeffi</span> <span class='ocrx_word' id='word_1_83' title='bbox 655 1752 687 1805; x_wconf 88' lang='lat' dir='ltr'>c.</span> <span class='ocrx_word' id='word_1_84' title='bbox 712 1728 868 1821; x_wconf 88' lang='lat' dir='ltr'>constat,</span> <span class='ocrx_word' id='word_1_85' title='bbox 893 1728 989 1804; x_wconf 89' lang='lat' dir='ltr'>circa</span> <span class='ocrx_word' id='word_1_86' title='bbox 1011 1730 1197 1828; x_wconf 85' lang='lat' dir='ltr'>Elymaeos</span> <span class='ocrx_word' id='word_1_87' title='bbox 1219 1729 1340 1819; x_wconf 82' lang='lat' dir='ltr'>fuiffe,</span> <span class='ocrx_word' id='word_1_88' title='bbox 1373 1728 1433 1804; x_wconf 93' lang='lat' dir='ltr'>ubi</span> <span class='ocrx_word' id='word_1_89' title='bbox 1458 1754 1495 1804; x_wconf 87' lang='lat' dir='ltr'>v.</span> 
     </span>
     <span class='ocr_line' id='line_1_12' title="bbox 278 1822 1499 1925; baseline -0.002 -24"><span class='ocrx_word' id='word_1_90' title='bbox 278 1832 314 1901; x_wconf 88' lang='lat'>6.</span> <span class='ocrx_word' id='word_1_91' title='bbox 339 1822 496 1913; x_wconf 87' lang='lat' dir='ltr'>dicitur,</span> <span class='ocrx_word' id='word_1_92' title='bbox 535 1826 638 1899; x_wconf 84' lang='lat' dir='ltr'>Elam</span> <span class='ocrx_word' id='word_1_93' title='bbox 661 1824 804 1925; x_wconf 79' lang='lat' dir='ltr'>gestauit</span> <span class='ocrx_word' id='word_1_94' title='bbox 827 1826 1018 1923; x_wconf 76' lang='lat' dir='ltr'>pharetram</span> <span class='ocrx_word' id='word_1_95' title='bbox 1042 1844 1113 1900; x_wconf 86' lang='lat' dir='ltr'>etc.</span> <span class='ocrx_word' id='word_1_96' title='bbox 1148 1825 1209 1898; x_wconf 87' lang='lat' dir='ltr'>Kir</span> <span class='ocrx_word' id='word_1_97' title='bbox 1232 1829 1366 1900; x_wconf 79' lang='lat' dir='ltr'>nudauit</span> <span class='ocrx_word' id='word_1_98' title='bbox 1391 1828 1499 1922; x_wconf 80' lang='lat' dir='ltr'>clype-</span> 
     </span>
     <span class='ocr_line' id='line_1_13' title="bbox 278 1918 1498 2019; baseline -0.003 -20"><span class='ocrx_word' id='word_1_99' title='bbox 278 1948 347 1999; x_wconf 78' lang='lat' dir='ltr'>una</span> <span class='ocrx_word' id='word_1_100' title='bbox 393 1920 542 1995; x_wconf 90' lang='lat' dir='ltr'>Nomen</span> <span class='ocrx_word' id='word_1_101' title='bbox 566 1918 709 1996; x_wconf 89' lang='lat' dir='ltr'>videtur</span> <span class='ocrx_word' id='word_1_102' title='bbox 729 1927 858 2011; x_wconf 83' lang='lat' dir='ltr'>urbem,</span> <span class='ocrx_word' id='word_1_103' title='bbox 883 1922 1016 1997; x_wconf 85' lang='lat' dir='ltr'>eximie</span> <span class='ocrx_word' id='word_1_104' title='bbox 1040 1920 1087 1997; x_wconf 88' lang='lat' dir='ltr'>src</span> <span class='ocrx_word' id='word_1_105' title='bbox 1104 1920 1254 2014; x_wconf 65' lang='lat' dir='ltr'>dietam,</span> <span class='ocrx_word' id='word_1_106' title='bbox 1279 1920 1498 2019; x_wconf 75' lang='lat' dir='ltr'>significare,</span> 
     </span>
     <span class='ocr_line' id='line_1_14' title="bbox 280 2015 1497 2125; baseline -0.002 -33"><span class='ocrx_word' id='word_1_107' title='bbox 280 2038 391 2093; x_wconf 79' lang='lat' dir='ltr'>voces</span> <span class='ocrx_word' id='word_1_108' title='bbox 412 2015 509 2091; x_wconf 86' lang='lat' dir='ltr'>enim</span> <span class='ocrx_word' id='word_1_109' title='bbox 536 2018 658 2121; x_wconf 67' lang='lat' dir='ltr'>hap.</span> <span class='ocrx_word' id='word_1_110' title='bbox 685 2020 808 2124; x_wconf 65' lang='lat' dir='ltr'>imp,</span> <span class='ocrx_word' id='word_1_111' title='bbox 830 2017 1097 2125; x_wconf 64' lang='lat' dir='ltr'>timp-lingua</span> <span class='ocrx_word' id='word_1_112' title='bbox 1129 2020 1257 2093; x_wconf 89' lang='lat' dir='ltr'>orient.</span> <span class='ocrx_word' id='word_1_113' title='bbox 1283 2021 1405 2093; x_wconf 87' lang='lat' dir='ltr'>urbem</span> <span class='ocrx_word' id='word_1_114' title='bbox 1435 2017 1497 2091; x_wconf 89' lang='lat' dir='ltr'>de·</span> 
     </span>
     <span class='ocr_line' id='line_1_15' title="bbox 282 2114 1500 2213; baseline -0.003 -24"><span class='ocrx_word' id='word_1_115' title='bbox 282 2114 437 2213; x_wconf 81' lang='lat' dir='ltr'>signant,</span> <span class='ocrx_word' id='word_1_116' title='bbox 476 2131 516 2187; x_wconf 88' lang='lat' dir='ltr'>et</span> <span class='ocrx_word' id='word_1_117' title='bbox 545 2115 589 2187; x_wconf 92' lang='lat' dir='ltr'>ab</span> <span class='ocrx_word' id='word_1_118' title='bbox 622 2114 764 2191; x_wconf 85' lang='lat' dir='ltr'>urbibus</span> <span class='ocrx_word' id='word_1_119' title='bbox 794 2114 1003 2213; x_wconf 89' lang='lat' dir='ltr'>adpellandis</span> <span class='ocrx_word' id='word_1_120' title='bbox 1033 2137 1107 2188; x_wconf 91' lang='lat' dir='ltr'>non</span> <span class='ocrx_word' id='word_1_121' title='bbox 1146 2114 1346 2190; x_wconf 87' lang='lat' dir='ltr'>abhorrent.</span> <span class='ocrx_word' id='word_1_122' title='bbox 1393 2117 1500 2188; x_wconf 82' lang='lat' dir='ltr'>Cete-</span> 
     </span>
    </p>
   </div>
   <div class='ocr_carea' id='block_1_5' title="bbox 634 1631 1587 1732">
    <p class='ocr_par' dir='ltr' id='par_1_5' title="bbox 634 1631 1587 1732">
     <span class='ocr_line' id='line_1_16' title="bbox 634 1631 1587 1732; baseline 0 -25"><span class='ocrx_word' id='word_1_123' title='bbox 634 1631 679 1707; x_wconf 89' lang='lat' dir='ltr'>ad</span> <span class='ocrx_word' id='word_1_124' title='bbox 702 1634 771 1732; x_wconf 88' lang='lat' dir='ltr'>Jes.</span> <span class='ocrx_word' id='word_1_125' title='bbox 798 1635 915 1709; x_wconf 87' lang='lat' dir='ltr'><strong>XXII.</strong></span> <span class='ocrx_word' id='word_1_126' title='bbox 939 1651 977 1706; x_wconf 93' lang='lat' dir='ltr'>et</span> <span class='ocrx_word' id='word_1_127' title='bbox 997 1631 1093 1724; x_wconf 89' lang='lat' dir='ltr'>aliis,</span> <span class='ocrx_word' id='word_1_128' title='bbox 1126 1631 1207 1706; x_wconf 91' lang='lat' dir='ltr'>satis</span> <span class='ocrx_word' id='word_1_129' title='bbox 1230 1636 1498 1729; x_wconf 88' lang='lat' dir='ltr'>comprobatum</span> <span class='ocrx_word' id='word_1_130' title='bbox 1584 1664 1587 1671; x_wconf 59' lang='lat'>¹</span> 
     </span>
    </p>
   </div>
   <div class='ocr_carea' id='block_1_6' title="bbox 279 2207 1575 2307">
    <p class='ocr_par' dir='ltr' id='par_1_6' title="bbox 279 2207 1575 2307">
     <span class='ocr_line' id='line_1_17' title="bbox 279 2207 1575 2307; baseline -0.005 -21"><span class='ocrx_word' id='word_1_131' title='bbox 279 2234 357 2286; x_wconf 86' lang='lat' dir='ltr'>rum</span> <span class='ocrx_word' id='word_1_132' title='bbox 379 2207 475 2283; x_wconf 90' lang='lat' dir='ltr'>inter</span> <span class='ocrx_word' id='word_1_133' title='bbox 500 2209 615 2284; x_wconf 82' lang='lat' dir='ltr'>causas</span> <span class='ocrx_word' id='word_1_134' title='bbox 634 2211 736 2307; x_wconf 86' lang='lat' dir='ltr'>hujus</span> <span class='ocrx_word' id='word_1_135' title='bbox 754 2210 905 2306; x_wconf 86' lang='lat' dir='ltr'>judicii,</span> <span class='ocrx_word' id='word_1_136' title='bbox 937 2228 1078 2307; x_wconf 86' lang='lat' dir='ltr'>praeter</span> <span class='ocrx_word' id='word_1_137' title='bbox 1105 2210 1243 2298; x_wconf 83' lang='lat' dir='ltr'>luxum,</span> <span class='ocrx_word' id='word_1_138' title='bbox 1278 2211 1314 2283; x_wconf 91' lang='lat' dir='ltr'>su</span> <span class='ocrx_word' id='word_1_139' title='bbox 1341 2207 1496 2282; x_wconf 86' lang='lat' dir='ltr'>erstitio·</span> <span class='ocrx_word' id='word_1_140' title='bbox 1573 2300 1575 2305; x_wconf 23' lang='grc' dir='ltr'>Ι</span> 
     </span>
    </p>
   </div>
   <div class='ocr_carea' id='block_1_7' title="bbox 278 2303 1498 2502">
    <p class='ocr_par' dir='ltr' id='par_1_7' title="bbox 278 2303 1498 2502">
     <span class='ocr_line' id='line_1_18' title="bbox 280 2303 1498 2402; baseline -0.002 -21"><span class='ocrx_word' id='word_1_141' title='bbox 280 2329 384 2395; x_wconf 89' lang='lat' dir='ltr'>nem,</span> <span class='ocrx_word' id='word_1_142' title='bbox 425 2303 614 2402; x_wconf 88' lang='lat' dir='ltr'>inprimis</span> <span class='ocrx_word' id='word_1_143' title='bbox 646 2306 831 2382; x_wconf 83' lang='lat' dir='ltr'>nefandam</span> <span class='ocrx_word' id='word_1_144' title='bbox 862 2303 1116 2393; x_wconf 81' lang='lat' dir='ltr'>idololatriam,</span> <span class='ocrx_word' id='word_1_145' title='bbox 1144 2304 1182 2378; x_wconf 90' lang='lat' dir='ltr'>in</span> <span class='ocrx_word' id='word_1_146' title='bbox 1215 2303 1296 2379; x_wconf 89' lang='lat' dir='ltr'>filiis</span> <span class='ocrx_word' id='word_1_147' title='bbox 1368 2303 1498 2379; x_wconf 89' lang='lat' dir='ltr'>olecho</span> 
     </span>
     <span class='ocr_line' id='line_1_19' title="bbox 278 2398 1497 2502; baseline -0.002 -27"><span class='ocrx_word' id='word_1_148' title='bbox 278 2426 344 2502; x_wconf 88' lang='lat' dir='ltr'>per</span> <span class='ocrx_word' id='word_1_149' title='bbox 369 2398 494 2498; x_wconf 82' lang='lat' dir='ltr'>ignem</span> <span class='ocrx_word' id='word_1_150' title='bbox 519 2400 733 2493; x_wconf 87' lang='lat' dir='ltr'>offerendis,</span> <span class='ocrx_word' id='word_1_151' title='bbox 756 2404 876 2477; x_wconf 83' lang='lat' dir='ltr'>locunt</span> <span class='ocrx_word' id='word_1_152' title='bbox 900 2399 1090 2499; x_wconf 88' lang='lat' dir='ltr'>praecipue</span> <span class='ocrx_word' id='word_1_153' title='bbox 1115 2419 1214 2475; x_wconf 89' lang='lat' dir='ltr'>tenet</span> <span class='ocrx_word' id='word_1_154' title='bbox 1239 2400 1406 2477; x_wconf 89' lang='lat' dir='ltr'>continua</span> <span class='ocrx_word' id='word_1_155' title='bbox 1423 2422 1497 2485; x_wconf 86' lang='lat' dir='ltr'>non</span> 
     </span>
    </p>
   </div>
   <div class='ocr_carea' id='block_1_8' title="bbox 282 2495 1580 2595">
    <p class='ocr_par' dir='ltr' id='par_1_8' title="bbox 282 2495 1580 2595">
     <span class='ocr_line' id='line_1_20' title="bbox 282 2495 1580 2595; baseline -0.002 -24"><span class='ocrx_word' id='word_1_156' title='bbox 282 2516 425 2571; x_wconf 79' lang='lat' dir='ltr'>tantam</span> <span class='ocrx_word' id='word_1_157' title='bbox 448 2499 570 2595; x_wconf 88' lang='lat' dir='ltr'>populi</span> <span class='ocrx_word' id='word_1_158' title='bbox 595 2498 668 2573; x_wconf 89' lang='lat' dir='ltr'>Dei</span> <span class='ocrx_word' id='word_1_159' title='bbox 691 2497 870 2577; x_wconf 86' lang='lat' dir='ltr'>infestatio</span> <span class='ocrx_word' id='word_1_160' title='bbox 879 2540 897 2587; x_wconf 90' lang='lat'>,·</span> <span class='ocrx_word' id='word_1_161' title='bbox 930 2497 988 2571; x_wconf 75' lang='lat' dir='ltr'>sol</span> <span class='ocrx_word' id='word_1_162' title='bbox 1014 2496 1166 2571; x_wconf 78' lang='lat' dir='ltr'>manime</span> <span class='ocrx_word' id='word_1_163' title='bbox 1200 2496 1336 2572; x_wconf 87' lang='lat' dir='ltr'>hostilis</span> <span class='ocrx_word' id='word_1_164' title='bbox 1360 2495 1498 2585; x_wconf 76' lang='lat' dir='ltr'>invasio</span> <span class='ocrx_word' id='word_1_165' title='bbox 1577 2516 1580 2525; x_wconf 91' lang='lat'>·</span> 
     </span>
    </p>
   </div>
   <div class='ocr_carea' id='block_1_9' title="bbox 278 2590 1498 2788">
    <p class='ocr_par' dir='ltr' id='par_1_9' title="bbox 278 2590 1498 2788">
     <span class='ocr_line' id='line_1_21' title="bbox 282 2590 1496 2763; baseline 0.003 -94"><span class='ocrx_word' id='word_1_166' title='bbox 282 2592 322 2670; x_wconf 93' lang='lat' dir='ltr'>in</span> <span class='ocrx_word' id='word_1_167' title='bbox 345 2592 494 2763; x_wconf 45' lang='lat' dir='ltr'>&#39;reipsam</span> <span class='ocrx_word' id='word_1_168' title='bbox 516 2593 649 2691; x_wconf 87' lang='lat' dir='ltr'>Judae,</span> <span class='ocrx_word' id='word_1_169' title='bbox 682 2594 844 2692; x_wconf 83' lang='lat' dir='ltr'>proxime</span> <span class='ocrx_word' id='word_1_170' title='bbox 870 2592 961 2667; x_wconf 72' lang='lat' dir='ltr'>facia</span> <span class='ocrx_word' id='word_1_171' title='bbox 985 2592 1044 2665; x_wconf 88' lang='lat' dir='ltr'>sub</span> <span class='ocrx_word' id='word_1_172' title='bbox 1067 2590 1227 2683; x_wconf 86' lang='lat' dir='ltr'>Achalo,</span> <span class='ocrx_word' id='word_1_173' title='bbox 1268 2618 1338 2692; x_wconf 92' lang='lat' dir='ltr'>quo</span> <span class='ocrx_word' id='word_1_174' title='bbox 1362 2594 1496 2673; x_wconf 69' lang='lat' dir='ltr'>dietum</span> 
     </span>
     <span class='ocr_line' id='line_1_22' title="bbox 278 2686 1498 2788; baseline 0.001 -25"><span class='ocrx_word' id='word_1_175' title='bbox 278 2686 352 2788; x_wconf 66' lang='lat' dir='ltr'>JelI</span> <span class='ocrx_word' id='word_1_176' title='bbox 412 2688 498 2765; x_wconf 86' lang='lat' dir='ltr'>Vll:</span> <span class='ocrx_word' id='word_1_177' title='bbox 523 2712 569 2782; x_wconf 87' lang='lat'>4.·</span> <span class='ocrx_word' id='word_1_178' title='bbox 586 2690 700 2779; x_wconf 69' lang='lat' dir='ltr'>facit,</span> <span class='ocrx_word' id='word_1_179' title='bbox 739 2692 819 2767; x_wconf 83' lang='lat' dir='ltr'>haec</span> <span class='ocrx_word' id='word_1_180' title='bbox 843 2690 919 2787; x_wconf 85' lang='lat' dir='ltr'>sors</span> <span class='ocrx_word' id='word_1_181' title='bbox 943 2687 998 2787; x_wconf 96' lang='grc' dir='ltr'>ιβ</span> <span class='ocrx_word' id='word_1_182' title='bbox 1027 2691 1270 2785; x_wconf 75' lang='lat' dir='ltr'>populantium,</span> <span class='ocrx_word' id='word_1_183' title='bbox 1306 2692 1387 2767; x_wconf 81' lang='lat' dir='ltr'>lroec</span> <span class='ocrx_word' id='word_1_184' title='bbox 1415 2712 1498 2786; x_wconf 74' lang='lat' dir='ltr'>pars</span> 
     </span>
    </p>
   </div>
   <div class='ocr_carea' id='block_1_10' title="bbox 279 2782 1540 2883">
    <p class='ocr_par' dir='ltr' id='par_1_10' title="bbox 279 2782 1540 2883">
     <span class='ocr_line' id='line_1_23' title="bbox 279 2782 1540 2883; baseline -0.003 -20"><span class='ocrx_word' id='word_1_185' title='bbox 279 2782 481 2883; x_wconf 75' lang='lat' dir='ltr'>aestuarium</span> <span class='ocrx_word' id='word_1_186' title='bbox 504 2810 583 2871; x_wconf 84' lang='lat' dir='ltr'>nos,</span> <span class='ocrx_word' id='word_1_187' title='bbox 607 2784 759 2883; x_wconf 85' lang='lat' dir='ltr'>denique</span> <span class='ocrx_word' id='word_1_188' title='bbox 784 2788 915 2862; x_wconf 87' lang='lat' dir='ltr'>summa</span> <span class='ocrx_word' id='word_1_189' title='bbox 937 2784 992 2859; x_wconf 89' lang='lat' dir='ltr'>illa</span> <span class='ocrx_word' id='word_1_190' title='bbox 1016 2786 1199 2859; x_wconf 88' lang='lat' dir='ltr'>crudelitas</span> <span class='ocrx_word' id='word_1_191' title='bbox 1226 2788 1263 2860; x_wconf 91' lang='lat' dir='ltr'>in</span> <span class='ocrx_word' id='word_1_192' title='bbox 1282 2787 1496 2877; x_wconf 88' lang='lat' dir='ltr'>Gileaditas,</span> <span class='ocrx_word' id='word_1_193' title='bbox 1536 2838 1540 2847; x_wconf 84' lang='lat'>-</span> 
     </span>
    </p>
   </div>
   <div class='ocr_carea' id='block_1_11' title="bbox 282 2879 1502 4336">
    <p class='ocr_par' dir='ltr' id='par_1_11' title="bbox 282 2879 1502 4336">
     <span class='ocr_line' id='line_1_24' title="bbox 304 2879 1500 2975; baseline -0.003 -19"><span class='ocrx_word' id='word_1_194' title='bbox 304 2903 369 2956; x_wconf 86' lang='lat' dir='ltr'>uos</span> <span class='ocrx_word' id='word_1_195' title='bbox 391 2884 529 2955; x_wconf 79' lang='lat' dir='ltr'>tribulis</span> <span class='ocrx_word' id='word_1_196' title='bbox 541 2879 671 2975; x_wconf 81' lang='lat' dir='ltr'>ferreis</span> <span class='ocrx_word' id='word_1_197' title='bbox 697 2887 957 2971; x_wconf 73' lang='lat' dir='ltr'>trituraverunt,</span> <span class='ocrx_word' id='word_1_198' title='bbox 991 2881 1071 2955; x_wconf 82' lang='lat' dir='ltr'>Am.</span> <span class='ocrx_word' id='word_1_199' title='bbox 1098 2884 1126 2956; x_wconf 93' lang='lat' dir='ltr'>l.</span> <span class='ocrx_word' id='word_1_200' title='bbox 1152 2882 1224 2954; x_wconf 87' lang='lat' dir='ltr'>five</span> <span class='ocrx_word' id='word_1_201' title='bbox 1246 2882 1328 2955; x_wconf 91' lang='lat' dir='ltr'>illud</span> <span class='ocrx_word' id='word_1_202' title='bbox 1355 2880 1500 2975; x_wconf 89' lang='lat' dir='ltr'>proprie</span> 
     </span>
     <span class='ocr_line' id='line_1_25' title="bbox 282 2906 1497 3076; baseline -0.007 -20"><span class='ocrx_word' id='word_1_203' title='bbox 282 2906 327 3056; x_wconf 80' lang='lat' dir='ltr'>iit</span> <span class='ocrx_word' id='word_1_204' title='bbox 349 2975 640 3075; x_wconf 83' lang='lat' dir='ltr'>intelligendum,</span> <span class='ocrx_word' id='word_1_205' title='bbox 665 2977 736 3053; x_wconf 88' lang='lat' dir='ltr'>live</span> <span class='ocrx_word' id='word_1_206' title='bbox 760 2979 977 3076; x_wconf 87' lang='lat' dir='ltr'>quascunque</span> <span class='ocrx_word' id='word_1_207' title='bbox 1000 2978 1243 3064; x_wconf 79' lang='lat' dir='ltr'>crudelitates,</span> <span class='ocrx_word' id='word_1_208' title='bbox 1277 2975 1389 3068; x_wconf 79' lang='lat' dir='ltr'>phrasi</span> <span class='ocrx_word' id='word_1_209' title='bbox 1415 2999 1497 3071; x_wconf 89' lang='lat' dir='ltr'>pro·</span> 
     </span>
     <span class='ocr_line' id='line_1_26' title="bbox 287 3070 1496 3172; baseline -0.002 -23"><span class='ocrx_word' id='word_1_210' title='bbox 287 3071 453 3163; x_wconf 87' lang='lat' dir='ltr'>verbiali,</span> <span class='ocrx_word' id='word_1_211' title='bbox 477 3072 649 3163; x_wconf 85' lang='lat' dir='ltr'>denotet,</span> <span class='ocrx_word' id='word_1_212' title='bbox 683 3074 753 3148; x_wconf 81' lang='lat' dir='ltr'>sive</span> <span class='ocrx_word' id='word_1_213' title='bbox 776 3074 895 3169; x_wconf 89' lang='lat' dir='ltr'>potius</span> <span class='ocrx_word' id='word_1_214' title='bbox 922 3094 1106 3172; x_wconf 88' lang='lat' dir='ltr'>utromque</span> <span class='ocrx_word' id='word_1_215' title='bbox 1133 3070 1174 3144; x_wconf 87' lang='lat' dir='ltr'>ht</span> <span class='ocrx_word' id='word_1_216' title='bbox 1200 3073 1496 3170; x_wconf 84' lang='lat' dir='ltr'>conjungendum.</span> 
     </span>
     <span class='ocr_line' id='line_1_27' title="bbox 289 3164 1497 3343; baseline 0.004 -100"><span class='ocrx_word' id='word_1_217' title='bbox 289 3168 489 3343; x_wconf 41' lang='lat' dir='ltr'>&amp;spicimir</span> <span class='ocrx_word' id='word_1_218' title='bbox 521 3190 638 3339; x_wconf 46' lang='lat' dir='ltr'>autxem</span> <span class='ocrx_word' id='word_1_219' title='bbox 666 3171 707 3245; x_wconf 83' lang='lat' dir='ltr'>ad</span> <span class='ocrx_word' id='word_1_220' title='bbox 733 3170 823 3247; x_wconf 73' lang='lat' dir='ltr'>faeta</span> <span class='ocrx_word' id='word_1_221' title='bbox 850 3167 1012 3244; x_wconf 85' lang='lat' dir='ltr'>llazaelis</span> <span class='ocrx_word' id='word_1_222' title='bbox 1047 3187 1084 3242; x_wconf 89' lang='lat' dir='ltr'>et</span> <span class='ocrx_word' id='word_1_223' title='bbox 1110 3164 1331 3262; x_wconf 90' lang='lat' dir='ltr'>Benhadadi,</span> <span class='ocrx_word' id='word_1_224' title='bbox 1368 3173 1497 3272; x_wconf 86' lang='lat' dir='ltr'>2Reg.</span> 
     </span>
     <span class='ocr_line' id='line_1_28' title="bbox 379 3268 850 3360; baseline 0.013 -24"><span class='ocrx_word' id='word_1_225' title='bbox 379 3288 477 3360; x_wconf 83' lang='lat'>:13.</span> <span class='ocrx_word' id='word_1_226' title='bbox 504 3284 542 3337; x_wconf 88' lang='lat' dir='ltr'>et</span> <span class='ocrx_word' id='word_1_227' title='bbox 568 3268 667 3339; x_wconf 67' lang='lat' dir='ltr'>llll:</span> <span class='ocrx_word' id='word_1_228' title='bbox 695 3292 728 3358; x_wconf 77' lang='lat'>3,</span> <span class='ocrx_word' id='word_1_229' title='bbox 753 3292 790 3359; x_wconf 88' lang='lat'>4,</span> <span class='ocrx_word' id='word_1_230' title='bbox 842 3326 850 3342; x_wconf 91' lang='lat'><strong>.</strong></span> 
     </span>
     <span class='ocr_line' id='line_1_29' title="bbox 328 3291 1495 3462; baseline 0.003 -28"><span class='ocrx_word' id='word_1_231' title='bbox 328 3360 360 3462; x_wconf 62' lang='lat' dir='ltr'>l.</span> <span class='ocrx_word' id='word_1_232' title='bbox 387 3361 561 3435; x_wconf 82' lang='lat' dir='ltr'>chxfl.</span> <span class='ocrx_word' id='word_1_233' title='bbox 588 3364 623 3436; x_wconf 88' lang='lat' dir='ltr'>T</span> <span class='ocrx_word' id='word_1_234' title='bbox 625 3291 838 3452; x_wconf 67' lang='lat' dir='ltr'>ranseamus7,</span> <span class='ocrx_word' id='word_1_235' title='bbox 868 3357 1069 3460; x_wconf 88' lang='lat' dir='ltr'>praeteritis</span> <span class='ocrx_word' id='word_1_236' title='bbox 1087 3358 1325 3453; x_wconf 85' lang='lat' dir='ltr'>Ammonitis,</span> <span class='ocrx_word' id='word_1_237' title='bbox 1349 3366 1495 3439; x_wconf 87' lang='lat' dir='ltr'>Moabi-</span> 
     </span>
     <span class='ocr_line' id='line_1_30' title="bbox 287 3455 1495 3554; baseline 0.002 -23"><span class='ocrx_word' id='word_1_238' title='bbox 287 3457 350 3548; x_wconf 83' lang='lat' dir='ltr'>tis,</span> <span class='ocrx_word' id='word_1_239' title='bbox 389 3455 585 3547; x_wconf 81' lang='lat' dir='ltr'>idumaeis,</span> <span class='ocrx_word' id='word_1_240' title='bbox 618 3480 655 3531; x_wconf 87' lang='lat' dir='ltr'>et</span> <span class='ocrx_word' id='word_1_241' title='bbox 683 3456 898 3545; x_wconf 88' lang='lat' dir='ltr'>Philistaeis,</span> <span class='ocrx_word' id='word_1_242' title='bbox 932 3455 970 3530; x_wconf 95' lang='lat' dir='ltr'>in</span> <span class='ocrx_word' id='word_1_243' title='bbox 997 3455 1149 3529; x_wconf 90' lang='lat' dir='ltr'>circuitu</span> <span class='ocrx_word' id='word_1_244' title='bbox 1176 3461 1314 3554; x_wconf 88' lang='lat' dir='ltr'>populis</span> <span class='ocrx_word' id='word_1_245' title='bbox 1346 3460 1495 3548; x_wconf 79' lang='lat' dir='ltr'>vicinis,</span> 
     </span>
     <span class='ocr_line' id='line_1_31' title="bbox 310 3550 1497 3651; baseline 0.005 -24"><span class='ocrx_word' id='word_1_246' title='bbox 310 3578 433 3629; x_wconf 91' lang='lat' dir='ltr'>uorum</span> <span class='ocrx_word' id='word_1_247' title='bbox 471 3550 650 3628; x_wconf 91' lang='lat' dir='ltr'>historiam</span> <span class='ocrx_word' id='word_1_248' title='bbox 683 3555 830 3650; x_wconf 87' lang='lat' dir='ltr'>periodo</span> <span class='ocrx_word' id='word_1_249' title='bbox 860 3552 1093 3649; x_wconf 86' lang='lat' dir='ltr'>praecedente</span> <span class='ocrx_word' id='word_1_250' title='bbox 1125 3551 1226 3643; x_wconf 90' lang='lat' dir='ltr'>dedi,</span> <span class='ocrx_word' id='word_1_251' title='bbox 1267 3576 1304 3629; x_wconf 90' lang='lat' dir='ltr'>et</span> <span class='ocrx_word' id='word_1_252' title='bbox 1328 3554 1423 3651; x_wconf 81' lang='lat' dir='ltr'>gesta</span> <span class='ocrx_word' id='word_1_253' title='bbox 1453 3564 1497 3633; x_wconf 80' lang='lat' dir='ltr'>ac</span> 
     </span>
     <span class='ocr_line' id='line_1_32' title="bbox 288 3578 1497 3745; baseline 0.006 -22"><span class='ocrx_word' id='word_1_254' title='bbox 288 3578 357 3724; x_wconf 81' lang='lat' dir='ltr'>iata</span> <span class='ocrx_word' id='word_1_255' title='bbox 379 3649 484 3744; x_wconf 89' lang='lat' dir='ltr'>hujus</span> <span class='ocrx_word' id='word_1_256' title='bbox 508 3649 645 3742; x_wconf 87' lang='lat' dir='ltr'>periodi</span> <span class='ocrx_word' id='word_1_257' title='bbox 672 3650 711 3723; x_wconf 92' lang='lat' dir='ltr'>in</span> <span class='ocrx_word' id='word_1_258' title='bbox 735 3650 880 3727; x_wconf 87' lang='lat' dir='ltr'>historia</span> <span class='ocrx_word' id='word_1_259' title='bbox 899 3648 1030 3723; x_wconf 85' lang='lat' dir='ltr'>lsraelis</span> <span class='ocrx_word' id='word_1_260' title='bbox 1053 3665 1091 3724; x_wconf 89' lang='lat' dir='ltr'>et</span> <span class='ocrx_word' id='word_1_261' title='bbox 1116 3650 1225 3745; x_wconf 89' lang='lat' dir='ltr'>Judae</span> <span class='ocrx_word' id='word_1_262' title='bbox 1251 3651 1428 3743; x_wconf 84' lang='lat' dir='ltr'>enarravi,</span> <span class='ocrx_word' id='word_1_263' title='bbox 1454 3656 1497 3730; x_wconf 90' lang='lat' dir='ltr'>ad</span> 
     </span>
     <span class='ocr_line' id='line_1_33' title="bbox 288 3745 1495 3844; baseline 0.002 -23"><span class='ocrx_word' id='word_1_264' title='bbox 288 3746 386 3843; x_wconf 82' lang='lat' dir='ltr'>paulo</span> <span class='ocrx_word' id='word_1_265' title='bbox 414 3745 643 3835; x_wconf 81' lang='lat' dir='ltr'>remotiores,</span> <span class='ocrx_word' id='word_1_266' title='bbox 677 3748 809 3821; x_wconf 83' lang='lat' dir='ltr'>Arabes</span> <span class='ocrx_word' id='word_1_267' title='bbox 839 3746 1056 3834; x_wconf 85' lang='lat' dir='ltr'>Cusclraeos,</span> <span class='ocrx_word' id='word_1_268' title='bbox 1082 3768 1123 3819; x_wconf 90' lang='lat' dir='ltr'>ac</span> <span class='ocrx_word' id='word_1_269' title='bbox 1148 3746 1378 3844; x_wconf 68' lang='lat' dir='ltr'>aegyptios,</span> <span class='ocrx_word' id='word_1_270' title='bbox 1411 3750 1495 3824; x_wconf 84' lang='lat' dir='ltr'>dein</span> 
     </span>
     <span class='ocr_line' id='line_1_34' title="bbox 286 3840 1495 3939; baseline 0.002 -23"><span class='ocrx_word' id='word_1_271' title='bbox 286 3867 321 3916; x_wconf 91' lang='lat' dir='ltr'>m</span> <span class='ocrx_word' id='word_1_272' title='bbox 368 3840 396 3915; x_wconf 82' lang='lat' dir='ltr'>is</span> <span class='ocrx_word' id='word_1_273' title='bbox 422 3861 578 3916; x_wconf 90' lang='lat' dir='ltr'>remotos</span> <span class='ocrx_word' id='word_1_274' title='bbox 603 3842 762 3939; x_wconf 82' lang='lat' dir='ltr'>Allyrios</span> <span class='ocrx_word' id='word_1_275' title='bbox 786 3864 823 3919; x_wconf 88' lang='lat' dir='ltr'>et</span> <span class='ocrx_word' id='word_1_276' title='bbox 848 3843 1057 3932; x_wconf 85' lang='lat' dir='ltr'>Chaldaeos,</span> <span class='ocrx_word' id='word_1_277' title='bbox 1084 3843 1285 3938; x_wconf 83' lang='lat' dir='ltr'>quibuscum</span> <span class='ocrx_word' id='word_1_278' title='bbox 1313 3841 1428 3919; x_wconf 85' lang='lat' dir='ltr'>lliaeli</span> <span class='ocrx_word' id='word_1_279' title='bbox 1457 3868 1495 3919; x_wconf 87' lang='lat' dir='ltr'>et</span> 
     </span>
     <span class='ocr_line' id='line_1_35' title="bbox 310 3937 1495 4035; baseline -0.003 -20"><span class='ocrx_word' id='word_1_280' title='bbox 310 3962 397 4015; x_wconf 87' lang='lat' dir='ltr'>uae</span> <span class='ocrx_word' id='word_1_281' title='bbox 423 3937 569 4011; x_wconf 88' lang='lat' dir='ltr'>multum</span> <span class='ocrx_word' id='word_1_282' title='bbox 597 3938 789 4012; x_wconf 76' lang='lat' dir='ltr'>intercedit</span> <span class='ocrx_word' id='word_1_283' title='bbox 811 3940 960 4035; x_wconf 78' lang='lat' dir='ltr'>negotii.</span> <span class='ocrx_word' id='word_1_284' title='bbox 1010 3937 1220 4034; x_wconf 86' lang='lat' dir='ltr'>lneipianrus</span> <span class='ocrx_word' id='word_1_285' title='bbox 1247 3937 1289 4007; x_wconf 94' lang='lat' dir='ltr'>ab</span> <span class='ocrx_word' id='word_1_286' title='bbox 1308 3940 1495 4030; x_wconf 75' lang='lat' dir='ltr'>slrabr&#39;hus,</span> 
     </span>
     <span class='ocr_line' id='line_1_36' title="bbox 282 4033 1497 4134; baseline 0.002 -27"><span class='ocrx_word' id='word_1_287' title='bbox 282 4060 325 4112; x_wconf 91' lang='grc' dir='ltr'>ιιι</span> <span class='ocrx_word' id='word_1_288' title='bbox 350 4033 475 4129; x_wconf 90' lang='lat' dir='ltr'>primis</span> <span class='ocrx_word' id='word_1_289' title='bbox 500 4035 704 4119; x_wconf 78' lang='lat' dir='ltr'>Culchaeis,</span> <span class='ocrx_word' id='word_1_290' title='bbox 739 4036 930 4134; x_wconf 85' lang='lat' dir='ltr'>dequibus</span> <span class='ocrx_word' id='word_1_291' title='bbox 958 4039 992 4110; x_wconf 88' lang='lat' dir='ltr'>V</span> <span class='ocrx_word' id='word_1_292' title='bbox 996 4035 1042 4108; x_wconf 90' lang='lat' dir='ltr'>id.</span> <span class='ocrx_word' id='word_1_293' title='bbox 1068 4054 1206 4122; x_wconf 87' lang='lat' dir='ltr'>praeter</span> <span class='ocrx_word' id='word_1_294' title='bbox 1230 4035 1431 4107; x_wconf 80' lang='lat' dir='ltr'>hernaldum</span> <span class='ocrx_word' id='word_1_295' title='bbox 1459 4034 1497 4111; x_wconf 88' lang='lat' dir='ltr'>iu</span> 
     </span>
     <span class='ocr_line' id='line_1_37' title="bbox 286 4125 1497 4234; baseline 0 -38"><span class='ocrx_word' id='word_1_296' title='bbox 286 4130 439 4221; x_wconf 75' lang='lat' dir='ltr'>chron,</span> <span class='ocrx_word' id='word_1_297' title='bbox 485 4130 647 4213; x_wconf 76' lang='lat' dir='ltr'>Boehart,</span> <span class='ocrx_word' id='word_1_298' title='bbox 682 4134 815 4234; x_wconf 71' lang='lat' dir='ltr'>Geogr,</span> <span class='ocrx_word' id='word_1_299' title='bbox 840 4138 874 4209; x_wconf 83' lang='lat' dir='ltr'>S,</span> <span class='ocrx_word' id='word_1_300' title='bbox 925 4128 1101 4211; x_wconf 73' lang='lat' dir='ltr'>llelandus</span> <span class='ocrx_word' id='word_1_301' title='bbox 1134 4129 1170 4202; x_wconf 84' lang='lat' dir='ltr'>in</span> <span class='ocrx_word' id='word_1_302' title='bbox 1193 4125 1332 4209; x_wconf 67' lang='lat' dir='ltr'>l’alaest.</span> <span class='ocrx_word' id='word_1_303' title='bbox 1367 4147 1406 4211; x_wconf 70' lang='lat' dir='ltr'>et</span> <span class='ocrx_word' id='word_1_304' title='bbox 1425 4130 1497 4211; x_wconf 75' lang='lat' dir='ltr'>Vi.</span> 
     </span>
     <span class='ocr_line' id='line_1_38' title="bbox 332 4223 1502 4336; baseline 0.002 -32"><span class='ocrx_word' id='word_1_305' title='bbox 332 4223 422 4304; x_wconf 82' lang='lat' dir='ltr'>Turn.</span> <span class='ocrx_word' id='word_1_306' title='bbox 450 4225 505 4300; x_wconf 87' lang='lat' dir='ltr'>II.</span> <span class='ocrx_word' id='word_1_307' title='bbox 881 4225 947 4299; x_wconf 87' lang='lat' dir='ltr'>Kk</span> <span class='ocrx_word' id='word_1_308' title='bbox 1386 4226 1502 4336; x_wconf 78' lang='lat' dir='ltr'>triuga</span> 
     </span>
    </p>
   </div>
   <div class='ocr_carea' id='block_1_12' title="bbox 0 0 1792 5884">
    <p class='ocr_par' dir='ltr' id='par_1_12' title="bbox 0 0 1792 5884">
     <span class='ocr_line' id='line_1_39' title="bbox 0 0 1792 5884; baseline 0 8"><span class='ocrx_word' id='word_1_309' title='bbox 0 0 1792 5884; x_wconf 95' lang='lat' dir='ltr'> </span> 
     </span>
    </p>
   </div>
  </div>
 </body>
</html>
