3575 5884
273 1074 362 1177 ari
434 1100 438 1109 ·
632 1069 781 1174 rasim·
802 1070 1037 1177 nccrmstna·
1060 1070 1172 1161 m:
1541 1106 1542 1125 ,

274 1252 350 1341 dub
374 1252 699 1357 Nelulrcadnezam
729 1254 831 1353 quod.
848 1253 1022 1354 posterius
1042 1253 1242 1334 secus-sese
1263 1246 1393 1331 helien
1413 1238 1498 1365 patet

278 1372 341 1437 dex
374 1348 449 1449 Jer.
472 1353 574 1441 LIL,
611 1349 678 1425 uhi
702 1353 950 1429 nomomensis
972 1354 1031 1429 Ab
1065 1354 1104 1431 id
1126 1352 1321 1451 contigiffe
1345 1351 1497 1438 tradunu,

279 1444 354 1529 cui
387 1472 479 1528 nour
498 1447 688 1523 refundet
724 1472 844 1541 toruus
879 1450 996 1548 Aug„
1040 1450 1100 1541 sed
1132 1451 1310 1525 Calendae
1341 1448 1415 1544 ejus
1443 1447 1500 1520 hot

280 1560 405 1653 anum
443 1471 631 1653 sewgullt
651 1545 745 1620 Scali
771 1546 824 1629 eri
860 1548 1032 1636 calculum
1072 1544 1138 1621 iste
1173 1568 1262 1620 vcro
1292 1542 1431 1621 Menfis
1456 1540 1498 1621 Ab

281 1660 419 1835 {num
439 1642 557 1736 Julro,
583 1570 900 1739 partun-ingemo
922 1644 1106 1719 convenit.
1143 1642 1254 1717 -Priur
1281 1664 1302 1715 a
1323 1637 1497 1714 traditione

316 1737 502 1815 udaeotum
518 1732 614 1825 abit3
641 1737 776 1851 quippe
793 1762 880 1836 quae
905 1740 999 1815 diem
1014 1739 1094 1850 figit
1121 1738 1158 1812 in
1182 1762 1262 1812 nono
1280 1735 1420 1810 Menfis
1435 1734 1500 1822 Ab,

279 1856 395 1928 quem
427 1850 620 1930 propterea
647 1835 787 1932 jejunio
810 1855 849 1909 et
880 1837 1137 1933 supplicatione
1164 1835 1289 1908 colunt
1323 1830 1498 1931 religiole3

277 1927 542 2015 incidit'uero
576 1929 618 2005 in
646 1949 742 2024 mum
764 1931 858 2028 Aug.
891 1932 964 2005 hoc
993 1956 1098 2010 anno.
1147 1929 1318 2025 Denique
1353 1952 1389 2025 3.
1415 1944 1501 2023 capta

283 2023 345 2109 est
377 2027 459 2109 utba
493 2026 660 2125 isene,
702 2032 762 2105 adt
787 2026 1011 2125 Vespasiani,
1053 2047 1094 2102 ut
1126 2025 1197 2123 Jos.
1222 2024 1351 2100 tradit·
1369 2027 1409 2099 B.
1434 2026 1465 2120 J.
1482 2020 1499 2094 l.

282 2121 633 2227 ,v1.„nddit1)inn·
648 2123 735 2201 Call.
759 2126 812 2198 die
826 2126 988 2216 Saturni,
1014 2127 1093 2222 quo}
1107 2118 1247 2219 epocha
1268 2138 1400 2219 captae
1422 2116 1502 2192 urbis

280 2242 373 2307 ann.
394 2234 448 2315 7¹0
466 2219 658 2318 ‚lituratum¹
681 2219 809 2294 incidit
836 2221 934 2295 enirn
955 2244 1007 2297 en
1027 2216 1233 2298 anno-feria
1255 2215 1431 2317 septima,
1447 2213 1503 2290 -seu

282 2317 372 2393 alies
398 2316 562 2405 Saturni,
585 2313 625 2389 in
650 2323 749 2395 8runt
769 2318 950 2410 Septemb.
1022 2346 1024 2353 ·
1093 2336 1097 2346 ·
1493 2362 1495 2369 ·

283 2467 296 2491 .
337 2412 370 2513 d.
395 2413 532 2487 DLVI.
560 2431 593 2486 a.
617 2409 746 2505 Signa,
771 2414 830 2486 vel
846 2413 1031 2512 prodigia,
1056 2407 1263 2491 calamitatis
1277 2406 1504 2506 praenuncia,

284 2510 336 2607 nd
359 2531 441 2583 ann.
467 2508 734 2596 nstunselata,
768 2507 932 2606 adeoque
957 2509 1119 2607 proxime
1132 2527 1227 2591 ,ante
1254 2506 1408 2597 bellum,
1442 2528 1503 2580 me·

283 2601 695 2698 motantur.·seqncntia,·
720 2604 909 2774 apudJros.
934 2606 972 2680 R
999 2598 1264 2702 livine-ex
1286 2622 1336 2680 eo
1353 2602 1435 2678 uus.
1460 2601 1501 2676 H;

280 2699 627 2789 militantum
655 2698 770 2804 aliqua
791 2725 822 2774 a·
873 2700 1134 2777 animm.
1182 2697 1504 2808 *Jesusquidan

282 2798 449 2897 ,plebejus
471 2816 511 2869 et
534 2793 701 2886 rusticus,
725 2819 790 2891 per
815 2800 1103 2892 quarunr'annos-
1123 2814 1213 2871 ante·
1227 2794 1314 2869 belli
1345 2793 1504 2881 initium,

282 2916 364 2973 non
388 2888 534 2977 ceffavit
555 2917 618 2966 rar
650 2889 863 2966 horrendum
885 2894 955 2967 alta
978 2916 1090 2968 voce..
1104 2890 1267 2967 intonare
1300 2890 1406 2985 urbi,
1446 2909 1505 2964 nee

288 2991 359 3067 ullu
373 2985 542 3077 ratione,
574 3010 620 3061 ne
637 2985 755 3084 flagris
779 2987 941 3084 quidem,
971 2989 1125 3064 inhiberi
1142 2985 1274 3084 potuit.
1324 2989 1369 3061 In
1385 2986 1505 3075 initio,

289 3102 412 3185 pacata
437 3081 553 3158 adhuc
577 3082 748 3173 civitate,
772 3081 916 3158 infesto
935 3082 1258 3160 Tabernaculorunr
1278 3082 1384 3179 juxta
1404 3086 1504 3158 Tem·

287 3184 384 3283 plum
409 3181 602 3255 exclamare
634 3180 785 3275 coepit,
824 3205 886 3254 ror
921 3182 965 3251 ad
998 3185 1160 3271 Oriente,
1200 3202 1265 3252 ros
1298 3184 1344 3253 ab
1374 3179 1505 3275 necasti,

285 3305 357 3365 ,ros
383 3303 406 3352 n
429 3294 562 3374 quatuor
586 3280 713 3366 rantis,
748 3301 812 3348 ron
839 3279 874 3348 iu
897 3279 998 3350 Ifiero
1015 3281 1154 3374 elymam
1176 3295 1209 3349 et
1236 3273 1425 3372 Diripiunt,
1449 3298 1504 3348 ros

290 3383 330 3453 in
344 3372 476 3474 sponsor
493 3388 524 3448 et
543 3371 701 3471 sponsas,
727 3397 788 3446 ror
806 3375 840 3445 in
857 3376 970 3445 unirer
986 3400 1039 3447 um
1054 3375 1224 3470 populum:
1250 3372 1385 3446 deinde
1404 3370 1505 3470 apri·

289 3474 451 3551 moribus
477 3470 601 3568 populi
629 3468 841 3565 increpitus,
867 3485 906 3542 et
923 3471 1128 3543 verberibus
1152 3466 1278 3542 frustra
1302 3467 1449 3560 caesus,
1472 3484 1504 3541 et

284 3571 334 3649 ad
358 3570 560 3643 Romanum
586 3565 780 3640 Praesidem
805 3562 989 3658 adductus,
1032 3586 1070 3639 et
1094 3565 1137 3638 ad
1165 3562 1285 3637 nffium
1313 3563 1361 3636 us
1378 3587 1424 3639 ue
1447 3586 1504 3638 nu

293 3664 474 3745 dationem
497 3662 697 3750 dilaniatus,
723 3685 791 3734 nec
816 3685 940 3758 preces
963 3684 1029 3735 nec
1056 3660 1249 3765 lachrymas
1273 3589 1429 3751 effudit,
1452 3654 1506 3733 sed

286 3781 428 3853 ‚tantum
453 3759 637 3848 clamavit,
663 3785 742 3843 rae,
768 3783 827 3831 rar
843 3755 1093 3854 Hierosolymis,
1117 3780 1183 3830 nec
1200 3754 1338 3830 destitit
1355 3780 1415 3831 eas
1430 3779 1506 3868 pru·

288 3863 389 3943 ferre
410 3877 539 3943 voces,
567 3855 682 3927 donec
706 3855 785 3926 urbs
808 3851 879 3926 fuir
907 3855 1059 3942 subsella,
1092 3873 1129 3928 et
1158 3851 1295 3949 ipsein
1321 3853 1506 3927 moenibus

290 3953 540 4047 ,obambulans‚
574 3975 632 4024 eas
655 3951 806 4047 denique
835 3973 946 4026 voces
979 3957 1193 4037 exclamans,
1234 3946 1277 4021 ad
1309 3968 1507 4023 extremum

296 4054 447 4141 dixerit,
469 4050 647 4122 raterium
670 4049 768 4134 milri,-
794 4047 931 4142 quando
953 4049 1067 4145 lapide
1084 4071 1129 4121 ex
1146 4043 1275 4120 ballista
1292 4042 1437 4120 excusso
1460 4045 1507 4119 ic·

295 4176 353 4233 tus
376 4145 551 4225 occubuit.
600 4165 632 4216 2.
660 4144 768 4231 Vox,
809 4148 985 4238 migremus
1017 4148 1108 4232 linc,
1154 4143 1229 4229 uel,
1269 4160 1310 4213 ut
1340 4139 1507 4231 Tacitus,

296 4251 450 4331 ciccum
475 4246 583 4330 Deos,
623 4238 740 4311 audita
767 4236 818 4310 est
853 4237 943 4312 festo
968 4238 1184 4314 Pentecostis
1209 4237 1246 4309 in
1273 4235 1375 4332 septo
1401 4239 1507 4312 Tern-

290 4352 347 4453 pli
365 4344 552 4432 inferiore,
582 4335 624 4409 ab
649 4329 729 4428 ipsis
754 4333 998 4409 sacerdotibus.
1049 4361 1083 4432 3.
1108 4339 1212 4408 Porta
1232 4334 1378 4428 Templi
1404 4357 1508 4408 aenea

296 4438 515 4527 orientalis,
554 4432 616 4507 vix
651 4454 671 4503 a
704 4451 750 4501 20
788 4430 874 4500 uiris
902 4435 1115 4517 movenda,
1159 4428 1266 4503 nodtu
1299 4430 1426 4525 sponte
1460 4428 1508 4503 est

291 4530 457 4649 ..Pam
467 4531 618 4641 ’προβάς
633 4526 717 4630 sunt
739 4540 888 4623 reperte,
920 4522 1040 4625 'inqut
1061 4524 1235 4620 Tacitus,
1259 4520 1388 4621 delubri
1400 4528 1507 4696 fures.

785 4688 799 4701 ..
835 4654 910 4701 ·..1·.
929 4642 951 4703 Δ
1368 4647 1407 4719 4.
1464 4641 1506 4698 ια
