<?xml version="1.0" encoding="UTF-8"?>
<!DOCTYPE html PUBLIC "-//W3C//DTD XHTML 1.0 Transitional//EN"
    "http://www.w3.org/TR/xhtml1/DTD/xhtml1-transitional.dtd">
<html xmlns="http://www.w3.org/1999/xhtml" xml:lang="en" lang="en">
 <head>
  <title>
</title>
<meta http-equiv="Content-Type" content="text/html;charset=utf-8" />
  <meta name='ocr-system' content='tesseract 3.04.00' />
  <meta name='ocr-capabilities' content='ocr_page ocr_carea ocr_par ocr_line ocrx_word'/>
</head>
<body>
  <div class='ocr_page' id='page_1' title='image "./hermannivenemai04venegoog/hermannivenemai04venegoog_0591.png"; bbox 0 0 3575 5884; ppageno 0'>
   <div class='ocr_carea' id='block_1_1' title="bbox 273 1030 1174 1148">
    <p class='ocr_par' dir='ltr' id='par_1_1' title="bbox 273 1030 1174 1148">
     <span class='ocr_line' id='line_1_1' title="bbox 273 1030 1174 1148; baseline -0.016 -17"><span class='ocrx_word' id='word_1_1' title='bbox 273 1042 351 1148; x_wconf 69' lang='lat' dir='ltr'>rso</span> <span class='ocrx_word' id='word_1_2' title='bbox 627 1038 778 1142; x_wconf 59' lang='lat' dir='ltr'>rostrata</span> <span class='ocrx_word' id='word_1_3' title='bbox 800 1035 1104 1138; x_wconf 60' lang='lat' dir='ltr'>morosiorem</span> <span class='ocrx_word' id='word_1_4' title='bbox 1130 1030 1174 1118; x_wconf 77' lang='lat' dir='ltr'>T.</span> 
     </span>
    </p>
   </div>
   <div class='ocr_carea' id='block_1_2' title="bbox 250 1216 1504 4482">
    <p class='ocr_par' dir='ltr' id='par_1_2' title="bbox 250 1216 1504 4482">
     <span class='ocr_line' id='line_1_2' title="bbox 278 1216 1489 1326; baseline -0.004 -21"><span class='ocrx_word' id='word_1_5' title='bbox 278 1229 368 1326; x_wconf 86' lang='lat' dir='ltr'>Cajo</span> <span class='ocrx_word' id='word_1_6' title='bbox 393 1224 572 1324; x_wconf 80' lang='lat' dir='ltr'>Caligula,</span> <span class='ocrx_word' id='word_1_7' title='bbox 595 1216 718 1317; x_wconf 82' lang='lat' dir='ltr'>adjus</span> <span class='ocrx_word' id='word_1_8' title='bbox 744 1216 905 1294; x_wconf 88' lang='lat' dir='ltr'>civitatis</span> <span class='ocrx_word' id='word_1_9' title='bbox 928 1236 966 1292; x_wconf 88' lang='lat' dir='ltr'>et</span> <span class='ocrx_word' id='word_1_10' title='bbox 989 1219 1489 1320; x_wconf 80' lang='lat' dir='ltr'>proseucharumrecoperan·</span> 
     </span>
     <span class='ocr_line' id='line_1_3' title="bbox 276 1313 1487 1414; baseline -0.007 -13"><span class='ocrx_word' id='word_1_11' title='bbox 276 1327 385 1414; x_wconf 90' lang='lat' dir='ltr'>dum,</span> <span class='ocrx_word' id='word_1_12' title='bbox 402 1324 460 1395; x_wconf 91' lang='lat' dir='ltr'>vel</span> <span class='ocrx_word' id='word_1_13' title='bbox 478 1317 707 1394; x_wconf 90' lang='lat' dir='ltr'>retinendum.</span> <span class='ocrx_word' id='word_1_14' title='bbox 756 1313 862 1389; x_wconf 91' lang='lat' dir='ltr'>Nihil</span> <span class='ocrx_word' id='word_1_15' title='bbox 881 1315 1022 1413; x_wconf 87' lang='lat' dir='ltr'>quidem</span> <span class='ocrx_word' id='word_1_16' title='bbox 1039 1317 1179 1411; x_wconf 84' lang='lat' dir='ltr'>aCajo,</span> <span class='ocrx_word' id='word_1_17' title='bbox 1200 1319 1487 1414; x_wconf 78' lang='lat' dir='ltr'>contraJudaeos,</span> 
     </span>
     <span class='ocr_line' id='line_1_4' title="bbox 279 1410 1487 1520; baseline -0.006 -24"><span class='ocrx_word' id='word_1_18' title='bbox 279 1421 377 1520; x_wconf 88' lang='lat' dir='ltr'>quod</span> <span class='ocrx_word' id='word_1_19' title='bbox 403 1441 483 1491; x_wconf 88' lang='lat' dir='ltr'>eum</span> <span class='ocrx_word' id='word_1_20' title='bbox 507 1438 572 1513; x_wconf 92' lang='lat' dir='ltr'>pro</span> <span class='ocrx_word' id='word_1_21' title='bbox 593 1415 676 1485; x_wconf 84' lang='lat' dir='ltr'>Deo</span> <span class='ocrx_word' id='word_1_22' title='bbox 701 1410 894 1510; x_wconf 83' lang='lat' dir='ltr'>agnoscere</span> <span class='ocrx_word' id='word_1_23' title='bbox 920 1412 1141 1501; x_wconf 86' lang='lat' dir='ltr'>recusarent,</span> <span class='ocrx_word' id='word_1_24' title='bbox 1172 1412 1282 1487; x_wconf 80' lang='lat' dir='ltr'>nimis</span> <span class='ocrx_word' id='word_1_25' title='bbox 1305 1435 1487 1512; x_wconf 88' lang='lat' dir='ltr'>occupato,</span> 
     </span>
     <span class='ocr_line' id='line_1_5' title="bbox 278 1506 1488 1616; baseline 0 -32"><span class='ocrx_word' id='word_1_26' title='bbox 278 1513 493 1614; x_wconf 76' lang='lat' dir='ltr'>inpetravit,</span> <span class='ocrx_word' id='word_1_27' title='bbox 533 1506 710 1605; x_wconf 89' lang='lat' dir='ltr'>praestitit</span> <span class='ocrx_word' id='word_1_28' title='bbox 734 1528 853 1581; x_wconf 78' lang='lat' dir='ltr'>tamen</span> <span class='ocrx_word' id='word_1_29' title='bbox 881 1507 950 1582; x_wconf 84' lang='lat' dir='ltr'>hac</span> <span class='ocrx_word' id='word_1_30' title='bbox 979 1507 1015 1580; x_wconf 92' lang='lat' dir='ltr'>in</span> <span class='ocrx_word' id='word_1_31' title='bbox 1029 1530 1080 1616; x_wconf 46' lang='lat' dir='ltr'>⁸re</span> <span class='ocrx_word' id='word_1_32' title='bbox 1111 1507 1183 1583; x_wconf 91' lang='lat' dir='ltr'>sese</span> <span class='ocrx_word' id='word_1_33' title='bbox 1207 1507 1424 1605; x_wconf 81' lang='lat' dir='ltr'>sapientem,</span> <span class='ocrx_word' id='word_1_34' title='bbox 1457 1530 1488 1584; x_wconf 88' lang='lat' dir='ltr'>et</span> 
     </span>
     <span class='ocr_line' id='line_1_6' title="bbox 279 1601 1487 1696; baseline -0.005 -9"><span class='ocrx_word' id='word_1_35' title='bbox 279 1614 318 1688; x_wconf 93' lang='lat' dir='ltr'>in</span> <span class='ocrx_word' id='word_1_36' title='bbox 347 1611 417 1683; x_wconf 89' lang='lat' dir='ltr'>fide</span> <span class='ocrx_word' id='word_1_37' title='bbox 442 1632 484 1681; x_wconf 92' lang='lat' dir='ltr'>ac</span> <span class='ocrx_word' id='word_1_38' title='bbox 501 1605 636 1678; x_wconf 90' lang='lat' dir='ltr'>virtute</span> <span class='ocrx_word' id='word_1_39' title='bbox 660 1601 892 1678; x_wconf 87' lang='lat' dir='ltr'>constantem.</span> <span class='ocrx_word' id='word_1_40' title='bbox 942 1605 1058 1677; x_wconf 84' lang='lat' dir='ltr'>Venit</span> <span class='ocrx_word' id='word_1_41' title='bbox 1076 1602 1157 1677; x_wconf 89' lang='lat' dir='ltr'>dein</span> <span class='ocrx_word' id='word_1_42' title='bbox 1174 1604 1286 1678; x_wconf 88' lang='lat' dir='ltr'>altera</span> <span class='ocrx_word' id='word_1_43' title='bbox 1312 1607 1418 1696; x_wconf 83' lang='lat' dir='ltr'>vice,</span> <span class='ocrx_word' id='word_1_44' title='bbox 1439 1606 1487 1681; x_wconf 89' lang='lat' dir='ltr'>sub</span> 
     </span>
     <span class='ocr_line' id='line_1_7' title="bbox 279 1698 1490 1798; baseline -0.004 -16"><span class='ocrx_word' id='word_1_45' title='bbox 279 1706 443 1792; x_wconf 83' lang='lat' dir='ltr'>Claudio,</span> <span class='ocrx_word' id='word_1_46' title='bbox 470 1700 611 1798; x_wconf 89' lang='lat' dir='ltr'>Judaeis</span> <span class='ocrx_word' id='word_1_47' title='bbox 627 1699 849 1792; x_wconf 84' lang='lat' dir='ltr'>faventiore,</span> <span class='ocrx_word' id='word_1_48' title='bbox 879 1700 1053 1788; x_wconf 86' lang='lat' dir='ltr'>Romam,</span> <span class='ocrx_word' id='word_1_49' title='bbox 1077 1717 1118 1771; x_wconf 93' lang='lat' dir='ltr'>ut</span> <span class='ocrx_word' id='word_1_50' title='bbox 1133 1698 1204 1798; x_wconf 92' lang='lat' dir='ltr'>Jos.</span> <span class='ocrx_word' id='word_1_51' title='bbox 1228 1703 1319 1775; x_wconf 86' lang='lat' dir='ltr'><strong>Ant.</strong></span> <span class='ocrx_word' id='word_1_52' title='bbox 1344 1702 1442 1776; x_wconf 81' lang='lat' dir='ltr'>XIX:</span> <span class='ocrx_word' id='word_1_53' title='bbox 1463 1726 1490 1793; x_wconf 80' lang='lat'>5.</span> 
     </span>
     <span class='ocr_line' id='line_1_8' title="bbox 277 1793 1504 1893; baseline -0.002 -18"><span class='ocrx_word' id='word_1_54' title='bbox 277 1799 405 1886; x_wconf 87' lang='lat' dir='ltr'>tradit,</span> <span class='ocrx_word' id='word_1_55' title='bbox 436 1796 497 1872; x_wconf 88' lang='lat' dir='ltr'>sed</span> <span class='ocrx_word' id='word_1_56' title='bbox 548 1796 609 1870; x_wconf 90' lang='lat' dir='ltr'>uid</span> <span class='ocrx_word' id='word_1_57' title='bbox 632 1796 683 1872; x_wconf 93' lang='lat' dir='ltr'>ibi</span> <span class='ocrx_word' id='word_1_58' title='bbox 711 1794 828 1893; x_wconf 87' lang='lat' dir='ltr'>egerit</span> <span class='ocrx_word' id='word_1_59' title='bbox 851 1818 924 1868; x_wconf 90' lang='lat' dir='ltr'>non</span> <span class='ocrx_word' id='word_1_60' title='bbox 950 1793 1097 1869; x_wconf 83' lang='lat' dir='ltr'>constat</span> <span class='ocrx_word' id='word_1_61' title='bbox 1131 1794 1212 1869; x_wconf 84' lang='lat' dir='ltr'>Eus.</span> <span class='ocrx_word' id='word_1_62' title='bbox 1237 1797 1291 1873; x_wconf 77' lang='lat' dir='ltr'>lt</span> <span class='ocrx_word' id='word_1_63' title='bbox 1323 1798 1368 1871; x_wconf 85' lang='lat' dir='ltr'>E.</span> <span class='ocrx_word' id='word_1_64' title='bbox 1394 1799 1439 1872; x_wconf 89' lang='lat' dir='ltr'>Il.</span> <span class='ocrx_word' id='word_1_65' title='bbox 1460 1817 1504 1872; x_wconf 88' lang='lat' dir='ltr'>et·</span> 
     </span>
     <span class='ocr_line' id='line_1_9' title="bbox 279 1821 1491 1987; baseline -0.002 -17"><span class='ocrx_word' id='word_1_66' title='bbox 279 1896 435 1971; x_wconf 89' lang='lat' dir='ltr'>Hieron.</span> <span class='ocrx_word' id='word_1_67' title='bbox 461 1893 506 1966; x_wconf 87' lang='lat' dir='ltr'>de</span> <span class='ocrx_word' id='word_1_68' title='bbox 525 1821 662 1987; x_wconf 51' lang='lat' dir='ltr'>(ieript.</span> <span class='ocrx_word' id='word_1_69' title='bbox 687 1890 820 1965; x_wconf 88' lang='lat' dir='ltr'>Eccles.</span> <span class='ocrx_word' id='word_1_70' title='bbox 846 1889 988 1986; x_wconf 91' lang='lat' dir='ltr'>quidem</span> <span class='ocrx_word' id='word_1_71' title='bbox 1019 1889 1198 1979; x_wconf 84' lang='lat' dir='ltr'>referunt,</span> <span class='ocrx_word' id='word_1_72' title='bbox 1224 1914 1309 1964; x_wconf 89' lang='lat' dir='ltr'>eum</span> <span class='ocrx_word' id='word_1_73' title='bbox 1334 1916 1418 1966; x_wconf 91' lang='lat' dir='ltr'>cum</span> <span class='ocrx_word' id='word_1_74' title='bbox 1439 1897 1491 1967; x_wconf 86' lang='lat' dir='ltr'>Pe-</span> 
     </span>
     <span class='ocr_line' id='line_1_10' title="bbox 250 1984 1490 2086; baseline -0.001 -21"><span class='ocrx_word' id='word_1_75' title='bbox 250 2009 337 2065; x_wconf 90' lang='lat' dir='ltr'>·tro</span> <span class='ocrx_word' id='word_1_76' title='bbox 371 1987 546 2086; x_wconf 86' lang='lat' dir='ltr'>Apostolo</span> <span class='ocrx_word' id='word_1_77' title='bbox 578 1989 629 2062; x_wconf 91' lang='lat' dir='ltr'>ibi</span> <span class='ocrx_word' id='word_1_78' title='bbox 664 1986 735 2061; x_wconf 87' lang='lat' dir='ltr'>esse</span> <span class='ocrx_word' id='word_1_79' title='bbox 767 1988 923 2060; x_wconf 88' lang='lat' dir='ltr'>locutum</span> <span class='ocrx_word' id='word_1_80' title='bbox 942 1987 961 2077; x_wconf 88' lang='lat'>,&#39;</span> <span class='ocrx_word' id='word_1_81' title='bbox 1005 2007 1044 2059; x_wconf 86' lang='lat' dir='ltr'>et</span> <span class='ocrx_word' id='word_1_82' title='bbox 1075 1984 1271 2060; x_wconf 84' lang='lat' dir='ltr'><strong>amicitiam</strong></span> <span class='ocrx_word' id='word_1_83' title='bbox 1311 1989 1490 2064; x_wconf 78' lang='lat' dir='ltr'>connaxis·</span> 
     </span>
     <span class='ocr_line' id='line_1_11' title="bbox 279 2081 1492 2178; baseline -0.004 -14"><span class='ocrx_word' id='word_1_84' title='bbox 279 2087 337 2178; x_wconf 91' lang='lat' dir='ltr'>se,</span> <span class='ocrx_word' id='word_1_85' title='bbox 378 2085 452 2158; x_wconf 90' lang='lat' dir='ltr'>imo</span> <span class='ocrx_word' id='word_1_86' title='bbox 485 2084 633 2159; x_wconf 86' lang='lat' dir='ltr'>Photius</span> <span class='ocrx_word' id='word_1_87' title='bbox 666 2082 754 2157; x_wconf 90' lang='lat' dir='ltr'>Bibl.</span> <span class='ocrx_word' id='word_1_88' title='bbox 787 2081 968 2172; x_wconf 82' lang='lat' dir='ltr'>cod-105</span> <span class='ocrx_word' id='word_1_89' title='bbox 990 2081 1111 2172; x_wconf 71' lang='lat' dir='ltr'>addit,</span> <span class='ocrx_word' id='word_1_90' title='bbox 1143 2104 1232 2155; x_wconf 84' lang='lat' dir='ltr'>eum</span> <span class='ocrx_word' id='word_1_91' title='bbox 1263 2082 1492 2159; x_wconf 80' lang='lat' dir='ltr'>Christianum</span> 
     </span>
     <span class='ocr_line' id='line_1_12' title="bbox 277 2176 1488 2277; baseline -0.003 -19"><span class='ocrx_word' id='word_1_92' title='bbox 277 2183 410 2258; x_wconf 69' lang='lat' dir='ltr'>saelum</span> <span class='ocrx_word' id='word_1_93' title='bbox 434 2180 528 2269; x_wconf 85' lang='lat' dir='ltr'>elle,</span> <span class='ocrx_word' id='word_1_94' title='bbox 564 2198 603 2253; x_wconf 88' lang='lat' dir='ltr'>et</span> <span class='ocrx_word' id='word_1_95' title='bbox 656 2177 751 2253; x_wconf 88' lang='lat' dir='ltr'>ostea</span> <span class='ocrx_word' id='word_1_96' title='bbox 775 2202 859 2274; x_wconf 88' lang='lat' dir='ltr'>prae</span> <span class='ocrx_word' id='word_1_97' title='bbox 883 2177 998 2274; x_wconf 88' lang='lat' dir='ltr'>aliqua</span> <span class='ocrx_word' id='word_1_98' title='bbox 1022 2176 1096 2251; x_wconf 91' lang='lat' dir='ltr'>indi</span> <span class='ocrx_word' id='word_1_99' title='bbox 1167 2177 1271 2251; x_wconf 89' lang='lat' dir='ltr'>tione</span> <span class='ocrx_word' id='word_1_100' title='bbox 1297 2179 1341 2252; x_wconf 81' lang='lat' dir='ltr'>ad</span> <span class='ocrx_word' id='word_1_101' title='bbox 1364 2181 1488 2277; x_wconf 82' lang='lat' dir='ltr'>Judais·</span> 
     </span>
     <span class='ocr_line' id='line_1_13' title="bbox 277 2202 1493 2379; baseline -0.002 -27"><span class='ocrx_word' id='word_1_102' title='bbox 277 2296 376 2352; x_wconf 89' lang='lat' dir='ltr'>mum</span> <span class='ocrx_word' id='word_1_103' title='bbox 408 2274 560 2350; x_wconf 85' lang='lat' dir='ltr'>rediisse.</span> <span class='ocrx_word' id='word_1_104' title='bbox 609 2202 709 2379; x_wconf 48' lang='lat' dir='ltr'>{uae</span> <span class='ocrx_word' id='word_1_105' title='bbox 751 2271 1026 2347; x_wconf 80' lang='lat' dir='ltr'>narratiunculae</span> <span class='ocrx_word' id='word_1_106' title='bbox 1058 2296 1105 2346; x_wconf 90' lang='lat' dir='ltr'>nu</span> <span class='ocrx_word' id='word_1_107' title='bbox 1131 2296 1153 2346; x_wconf 92' lang='lat' dir='ltr'>o</span> <span class='ocrx_word' id='word_1_108' title='bbox 1184 2273 1352 2348; x_wconf 90' lang='lat' dir='ltr'>nituntur</span> <span class='ocrx_word' id='word_1_109' title='bbox 1383 2276 1493 2352; x_wconf 86' lang='lat' dir='ltr'>sundr-</span> 
     </span>
     <span class='ocr_line' id='line_1_14' title="bbox 279 2368 1495 2464; baseline -0.002 -16"><span class='ocrx_word' id='word_1_110' title='bbox 279 2392 427 2460; x_wconf 91' lang='lat' dir='ltr'>mento,</span> <span class='ocrx_word' id='word_1_111' title='bbox 451 2391 488 2444; x_wconf 91' lang='lat' dir='ltr'>et</span> <span class='ocrx_word' id='word_1_112' title='bbox 515 2372 571 2443; x_wconf 88' lang='lat' dir='ltr'>vel</span> <span class='ocrx_word' id='word_1_113' title='bbox 601 2370 684 2443; x_wconf 89' lang='lat' dir='ltr'>inde</span> <span class='ocrx_word' id='word_1_114' title='bbox 708 2368 927 2458; x_wconf 87' lang='lat' dir='ltr'>refutantur,</span> <span class='ocrx_word' id='word_1_115' title='bbox 953 2368 1048 2464; x_wconf 89' lang='lat' dir='ltr'>quod</span> <span class='ocrx_word' id='word_1_116' title='bbox 1073 2370 1197 2443; x_wconf 90' lang='lat' dir='ltr'>Petrus</span> <span class='ocrx_word' id='word_1_117' title='bbox 1228 2387 1305 2442; x_wconf 89' lang='lat' dir='ltr'>tam</span> <span class='ocrx_word' id='word_1_118' title='bbox 1332 2369 1411 2445; x_wconf 92' lang='lat' dir='ltr'>cito</span> <span class='ocrx_word' id='word_1_119' title='bbox 1429 2375 1495 2447; x_wconf 64' lang='lat' dir='ltr'>Ro,</span> 
     </span>
     <span class='ocr_line' id='line_1_15' title="bbox 276 2463 1494 2561; baseline -0.005 -15"><span class='ocrx_word' id='word_1_120' title='bbox 276 2492 354 2546; x_wconf 85' lang='lat' dir='ltr'>mae</span> <span class='ocrx_word' id='word_1_121' title='bbox 381 2488 454 2540; x_wconf 92' lang='lat' dir='ltr'>non</span> <span class='ocrx_word' id='word_1_122' title='bbox 481 2464 611 2554; x_wconf 88' lang='lat' dir='ltr'>suerit,</span> <span class='ocrx_word' id='word_1_123' title='bbox 655 2482 693 2537; x_wconf 91' lang='lat' dir='ltr'>ut</span> <span class='ocrx_word' id='word_1_124' title='bbox 717 2463 840 2561; x_wconf 82' lang='lat' dir='ltr'>postea</span> <span class='ocrx_word' id='word_1_125' title='bbox 866 2464 927 2537; x_wconf 92' lang='lat' dir='ltr'>suo</span> <span class='ocrx_word' id='word_1_126' title='bbox 952 2466 1033 2537; x_wconf 89' lang='lat' dir='ltr'>loco</span> <span class='ocrx_word' id='word_1_127' title='bbox 1057 2465 1211 2559; x_wconf 87' lang='lat' dir='ltr'>patebit.</span> <span class='ocrx_word' id='word_1_128' title='bbox 1263 2466 1384 2561; x_wconf 88' lang='lat' dir='ltr'><strong>Origo</strong></span> <span class='ocrx_word' id='word_1_129' title='bbox 1408 2467 1494 2542; x_wconf 88' lang='lat' dir='ltr'>sorte</span> 
     </span>
     <span class='ocr_line' id='line_1_16' title="bbox 277 2558 1494 2730; baseline -0.003 -88"><span class='ocrx_word' id='word_1_130' title='bbox 277 2567 362 2644; x_wconf 88' lang='lat' dir='ltr'>inde</span> <span class='ocrx_word' id='word_1_131' title='bbox 386 2559 438 2635; x_wconf 88' lang='lat' dir='ltr'>est</span> <span class='ocrx_word' id='word_1_132' title='bbox 462 2559 676 2730; x_wconf 69' lang='lat' dir='ltr'>repetenda,</span> <span class='ocrx_word' id='word_1_133' title='bbox 702 2559 796 2656; x_wconf 90' lang='lat' dir='ltr'>quod</span> <span class='ocrx_word' id='word_1_134' title='bbox 820 2582 885 2656; x_wconf 88' lang='lat' dir='ltr'>per</span> <span class='ocrx_word' id='word_1_135' title='bbox 913 2558 1175 2654; x_wconf 84' lang='lat' dir='ltr'>Therapeutas,</span> <span class='ocrx_word' id='word_1_136' title='bbox 1208 2585 1230 2634; x_wconf 85' lang='lat' dir='ltr'>a</span> <span class='ocrx_word' id='word_1_137' title='bbox 1254 2561 1409 2636; x_wconf 86' lang='lat' dir='ltr'>Philone</span> <span class='ocrx_word' id='word_1_138' title='bbox 1435 2567 1494 2641; x_wconf 78' lang='lat' dir='ltr'>lou</span> 
     </span>
     <span class='ocr_line' id='line_1_17' title="bbox 278 2654 1279 2754; baseline -0.008 -17"><span class='ocrx_word' id='word_1_139' title='bbox 278 2665 399 2750; x_wconf 86' lang='lat' dir='ltr'>datos,</span> <span class='ocrx_word' id='word_1_140' title='bbox 425 2657 500 2732; x_wconf 88' lang='lat' dir='ltr'>inte</span> <span class='ocrx_word' id='word_1_141' title='bbox 513 2657 665 2731; x_wconf 82' lang='lat' dir='ltr'>lexerint</span> <span class='ocrx_word' id='word_1_142' title='bbox 692 2654 920 2730; x_wconf 83' lang='lat' dir='ltr'>Christianos</span> <span class='ocrx_word' id='word_1_143' title='bbox 964 2656 1027 2727; x_wconf 87' lang='lat' dir='ltr'>De</span> <span class='ocrx_word' id='word_1_144' title='bbox 1050 2678 1121 2751; x_wconf 91' lang='lat' dir='ltr'>quo</span> <span class='ocrx_word' id='word_1_145' title='bbox 1145 2654 1279 2754; x_wconf 77' lang='lat' dir='ltr'>postea</span> 
     </span>
     <span class='ocr_line' id='line_1_18' title="bbox 348 2748 1496 2847; baseline -0.002 -16"><span class='ocrx_word' id='word_1_146' title='bbox 348 2813 357 2831; x_wconf 90' lang='lat'>.</span> <span class='ocrx_word' id='word_1_147' title='bbox 391 2755 544 2826; x_wconf 93' lang='lat' dir='ltr'>DLXV.</span> <span class='ocrx_word' id='word_1_148' title='bbox 588 2756 688 2824; x_wconf 89' lang='lat' dir='ltr'>Inter</span> <span class='ocrx_word' id='word_1_149' title='bbox 723 2751 861 2847; x_wconf 86' lang='lat' dir='ltr'>Scripta</span> <span class='ocrx_word' id='word_1_150' title='bbox 899 2748 1078 2840; x_wconf 86' lang='lat' dir='ltr'>Philonis,</span> <span class='ocrx_word' id='word_1_151' title='bbox 1119 2773 1206 2847; x_wconf 87' lang='lat' dir='ltr'>quae</span> <span class='ocrx_word' id='word_1_152' title='bbox 1244 2751 1435 2828; x_wconf 81' lang='lat' dir='ltr'>novissime</span> <span class='ocrx_word' id='word_1_153' title='bbox 1465 2773 1496 2828; x_wconf 86' lang='lat' dir='ltr'>et</span> 
     </span>
     <span class='ocr_line' id='line_1_19' title="bbox 276 2844 1495 2944; baseline 0.002 -22"><span class='ocrx_word' id='word_1_154' title='bbox 276 2852 300 2930; x_wconf 86' lang='lat' dir='ltr'>s</span> <span class='ocrx_word' id='word_1_155' title='bbox 318 2846 458 2922; x_wconf 85' lang='lat' dir='ltr'>lendide</span> <span class='ocrx_word' id='word_1_156' title='bbox 474 2845 625 2940; x_wconf 66' lang='lat' dir='ltr'>junsiim</span> <span class='ocrx_word' id='word_1_157' title='bbox 650 2844 881 2942; x_wconf 89' lang='lat' dir='ltr'>prodierunt,</span> <span class='ocrx_word' id='word_1_158' title='bbox 912 2866 995 2918; x_wconf 89' lang='lat' dir='ltr'>cura</span> <span class='ocrx_word' id='word_1_159' title='bbox 1012 2847 1194 2944; x_wconf 84' lang='lat' dir='ltr'>Mangey‚</span> <span class='ocrx_word' id='word_1_160' title='bbox 1220 2868 1304 2920; x_wconf 90' lang='lat' dir='ltr'>cum</span> <span class='ocrx_word' id='word_1_161' title='bbox 1322 2851 1441 2941; x_wconf 87' lang='lat' dir='ltr'>notis,</span> <span class='ocrx_word' id='word_1_162' title='bbox 1463 2849 1495 2924; x_wconf 88' lang='lat' dir='ltr'>in</span> 
     </span>
     <span class='ocr_line' id='line_1_20' title="bbox 316 2939 1493 3043; baseline 0 -25"><span class='ocrx_word' id='word_1_163' title='bbox 316 2944 427 3040; x_wconf 82' lang='lat' dir='ltr'>nglia,</span> <span class='ocrx_word' id='word_1_164' title='bbox 453 2960 491 3013; x_wconf 88' lang='lat' dir='ltr'>et</span> <span class='ocrx_word' id='word_1_165' title='bbox 514 2941 714 3016; x_wconf 88' lang='lat' dir='ltr'>aFabricio</span> <span class='ocrx_word' id='word_1_166' title='bbox 740 2941 864 3015; x_wconf 89' lang='lat' dir='ltr'>ordine</span> <span class='ocrx_word' id='word_1_167' title='bbox 889 2939 968 3014; x_wconf 92' lang='lat' dir='ltr'>sunt</span> <span class='ocrx_word' id='word_1_168' title='bbox 983 2941 1173 3031; x_wconf 81' lang='lat' dir='ltr'>recensita,</span> <span class='ocrx_word' id='word_1_169' title='bbox 1198 2944 1384 3034; x_wconf 90' lang='lat' dir='ltr'>eminent,</span> <span class='ocrx_word' id='word_1_170' title='bbox 1411 2971 1493 3043; x_wconf 88' lang='lat' dir='ltr'>quae</span> 
     </span>
     <span class='ocr_line' id='line_1_21' title="bbox 275 3034 1497 3137; baseline -0.003 -19"><span class='ocrx_word' id='word_1_171' title='bbox 275 3043 320 3118; x_wconf 76' lang='lat' dir='ltr'>ad</span> <span class='ocrx_word' id='word_1_172' title='bbox 347 3035 502 3111; x_wconf 91' lang='lat' dir='ltr'>nostrum</span> <span class='ocrx_word' id='word_1_173' title='bbox 530 3036 729 3112; x_wconf 91' lang='lat' dir='ltr'>institutum</span> <span class='ocrx_word' id='word_1_174' title='bbox 753 3039 900 3133; x_wconf 86' lang='lat' dir='ltr'>propius</span> <span class='ocrx_word' id='word_1_175' title='bbox 925 3034 1105 3132; x_wconf 66' lang='lat' dir='ltr'>spectant,</span> <span class='ocrx_word' id='word_1_176' title='bbox 1131 3037 1301 3114; x_wconf 85' lang='lat' dir='ltr'>historica</span> <span class='ocrx_word' id='word_1_177' title='bbox 1327 3043 1426 3137; x_wconf 88' lang='lat' dir='ltr'>ejus,</span> <span class='ocrx_word' id='word_1_178' title='bbox 1451 3041 1497 3116; x_wconf 89' lang='lat' dir='ltr'>uti</span> 
     </span>
     <span class='ocr_line' id='line_1_22' title="bbox 275 3133 1495 3228; baseline 0.001 -17"><span class='ocrx_word' id='word_1_179' title='bbox 275 3153 393 3216; x_wconf 79' lang='lat' dir='ltr'>contro</span> <span class='ocrx_word' id='word_1_180' title='bbox 416 3134 592 3221; x_wconf 80' lang='lat' dir='ltr'>Flaccum,</span> <span class='ocrx_word' id='word_1_181' title='bbox 619 3152 657 3205; x_wconf 91' lang='lat' dir='ltr'>et</span> <span class='ocrx_word' id='word_1_182' title='bbox 683 3133 728 3204; x_wconf 91' lang='lat' dir='ltr'>de</span> <span class='ocrx_word' id='word_1_183' title='bbox 754 3138 914 3225; x_wconf 78' lang='lat' dir='ltr'>legatione</span> <span class='ocrx_word' id='word_1_184' title='bbox 938 3133 981 3204; x_wconf 91' lang='lat' dir='ltr'>ad</span> <span class='ocrx_word' id='word_1_185' title='bbox 1007 3133 1153 3226; x_wconf 83' lang='lat' dir='ltr'>Cajum3</span> <span class='ocrx_word' id='word_1_186' title='bbox 1178 3157 1340 3209; x_wconf 89' lang='lat' dir='ltr'>necnon</span> <span class='ocrx_word' id='word_1_187' title='bbox 1365 3138 1411 3210; x_wconf 91' lang='lat' dir='ltr'>de</span> <span class='ocrx_word' id='word_1_188' title='bbox 1437 3162 1495 3228; x_wconf 88' lang='lat' dir='ltr'>eo,</span> 
     </span>
     <span class='ocr_line' id='line_1_23' title="bbox 276 3223 1497 3335; baseline -0.001 -26"><span class='ocrx_word' id='word_1_189' title='bbox 276 3236 359 3335; x_wconf 72' lang='lat' dir='ltr'>quod</span> <span class='ocrx_word' id='word_1_190' title='bbox 383 3232 483 3305; x_wconf 84' lang='lat' dir='ltr'>omnis</span> <span class='ocrx_word' id='word_1_191' title='bbox 504 3234 625 3324; x_wconf 79' lang='lat' dir='ltr'>probor</span> <span class='ocrx_word' id='word_1_192' title='bbox 651 3231 735 3302; x_wconf 81' lang='lat' dir='ltr'>liber</span> <span class='ocrx_word' id='word_1_193' title='bbox 761 3228 831 3320; x_wconf 78' lang='lat' dir='ltr'>fit,</span> <span class='ocrx_word' id='word_1_194' title='bbox 872 3223 933 3300; x_wconf 91' lang='lat' dir='ltr'>ubi</span> <span class='ocrx_word' id='word_1_195' title='bbox 957 3227 1121 3316; x_wconf 87' lang='lat' dir='ltr'>Elsaeos,</span> <span class='ocrx_word' id='word_1_196' title='bbox 1155 3229 1308 3304; x_wconf 73' lang='lat' dir='ltr'>astivam</span> <span class='ocrx_word' id='word_1_197' title='bbox 1334 3234 1379 3305; x_wconf 90' lang='lat' dir='ltr'>de</span> <span class='ocrx_word' id='word_1_198' title='bbox 1406 3255 1497 3308; x_wconf 84' lang='lat' dir='ltr'>entes</span> 
     </span>
     <span class='ocr_line' id='line_1_24' title="bbox 277 3322 1497 3424; baseline -0.003 -15"><span class='ocrx_word' id='word_1_199' title='bbox 277 3331 415 3421; x_wconf 86' lang='lat' dir='ltr'>vitam,</span> <span class='ocrx_word' id='word_1_200' title='bbox 449 3324 633 3424; x_wconf 83' lang='lat' dir='ltr'>depingit,</span> <span class='ocrx_word' id='word_1_201' title='bbox 659 3347 808 3420; x_wconf 90' lang='lat' dir='ltr'>quorum</span> <span class='ocrx_word' id='word_1_202' title='bbox 831 3322 953 3413; x_wconf 89' lang='lat' dir='ltr'>multi,</span> <span class='ocrx_word' id='word_1_203' title='bbox 979 3339 1018 3394; x_wconf 94' lang='lat' dir='ltr'>ut</span> <span class='ocrx_word' id='word_1_204' title='bbox 1042 3322 1168 3414; x_wconf 78' lang='lat' dir='ltr'>tradit,</span> <span class='ocrx_word' id='word_1_205' title='bbox 1193 3325 1232 3398; x_wconf 92' lang='lat' dir='ltr'>in</span> <span class='ocrx_word' id='word_1_206' title='bbox 1257 3328 1448 3403; x_wconf 82' lang='lat' dir='ltr'>Palaestina</span> <span class='ocrx_word' id='word_1_207' title='bbox 1465 3349 1497 3404; x_wconf 87' lang='lat' dir='ltr'>et</span> 
     </span>
     <span class='ocr_line' id='line_1_25' title="bbox 277 3419 1498 3529; baseline -0.004 -26"><span class='ocrx_word' id='word_1_208' title='bbox 277 3427 382 3524; x_wconf 83' lang='lat' dir='ltr'>Syria</span> <span class='ocrx_word' id='word_1_209' title='bbox 408 3424 602 3523; x_wconf 84' lang='lat' dir='ltr'>degerunt3</span> <span class='ocrx_word' id='word_1_210' title='bbox 628 3419 779 3529; x_wconf 84' lang='lat' dir='ltr'>denique</span> <span class='ocrx_word' id='word_1_211' title='bbox 807 3423 844 3491; x_wconf 80' lang='lat' dir='ltr'>de</span> <span class='ocrx_word' id='word_1_212' title='bbox 871 3423 945 3493; x_wconf 75' lang='lat' dir='ltr'>rito</span> <span class='ocrx_word' id='word_1_213' title='bbox 964 3421 1236 3514; x_wconf 81' lang='lat' dir='ltr'>contemplativo,</span> <span class='ocrx_word' id='word_1_214' title='bbox 1264 3420 1338 3495; x_wconf 81' lang='lat' dir='ltr'>sive</span> <span class='ocrx_word' id='word_1_215' title='bbox 1362 3425 1450 3498; x_wconf 85' lang='lat' dir='ltr'>viris</span> <span class='ocrx_word' id='word_1_216' title='bbox 1465 3445 1498 3498; x_wconf 88' lang='lat' dir='ltr'>et</span> 
     </span>
     <span class='ocr_line' id='line_1_26' title="bbox 277 3514 1498 3614; baseline -0.002 -16"><span class='ocrx_word' id='word_1_217' title='bbox 277 3520 469 3609; x_wconf 79' lang='lat' dir='ltr'>foeminis,</span> <span class='ocrx_word' id='word_1_218' title='bbox 510 3518 822 3614; x_wconf 81' lang='lat' dir='ltr'>contemplativam</span> <span class='ocrx_word' id='word_1_219' title='bbox 855 3539 897 3589; x_wconf 90' lang='lat' dir='ltr'>ac</span> <span class='ocrx_word' id='word_1_220' title='bbox 928 3514 1115 3588; x_wconf 87' lang='lat' dir='ltr'>solitariam</span> <span class='ocrx_word' id='word_1_221' title='bbox 1149 3517 1337 3612; x_wconf 83' lang='lat' dir='ltr'>agentibus</span> <span class='ocrx_word' id='word_1_222' title='bbox 1369 3521 1498 3611; x_wconf 75' lang='lat' dir='ltr'>sitam,</span> 
     </span>
     <span class='ocr_line' id='line_1_27' title="bbox 304 3611 1499 3714; baseline 0 -22"><span class='ocrx_word' id='word_1_223' title='bbox 304 3641 367 3692; x_wconf 90' lang='lat' dir='ltr'>uos</span> <span class='ocrx_word' id='word_1_224' title='bbox 397 3613 694 3712; x_wconf 77' lang='lat' dir='ltr'>Tireropeotorum,</span> <span class='ocrx_word' id='word_1_225' title='bbox 722 3633 754 3688; x_wconf 87' lang='lat' dir='ltr'>et</span> <span class='ocrx_word' id='word_1_226' title='bbox 774 3613 1120 3709; x_wconf 80' lang='lat' dir='ltr'>Tlreroprotridorum,</span> <span class='ocrx_word' id='word_1_227' title='bbox 1145 3611 1291 3687; x_wconf 90' lang='lat' dir='ltr'>nomine</span> <span class='ocrx_word' id='word_1_228' title='bbox 1316 3615 1499 3714; x_wconf 76' lang='lat' dir='ltr'>insrgnitos</span> 
     </span>
     <span class='ocr_line' id='line_1_28' title="bbox 277 3644 1494 3810; baseline -0.003 -19"><span class='ocrx_word' id='word_1_229' title='bbox 277 3644 380 3791; x_wconf 61' lang='lat' dir='ltr'>inisse</span> <span class='ocrx_word' id='word_1_230' title='bbox 405 3712 530 3803; x_wconf 90' lang='lat' dir='ltr'>tradit,</span> <span class='ocrx_word' id='word_1_231' title='bbox 557 3730 724 3808; x_wconf 89' lang='lat' dir='ltr'>quatenus</span> <span class='ocrx_word' id='word_1_232' title='bbox 748 3709 883 3784; x_wconf 87' lang='lat' dir='ltr'>animae</span> <span class='ocrx_word' id='word_1_233' title='bbox 911 3707 1144 3797; x_wconf 90' lang='lat' dir='ltr'>medicinam,</span> <span class='ocrx_word' id='word_1_234' title='bbox 1167 3732 1235 3782; x_wconf 88' lang='lat' dir='ltr'>una</span> <span class='ocrx_word' id='word_1_235' title='bbox 1259 3733 1340 3784; x_wconf 90' lang='lat' dir='ltr'>curn</span> <span class='ocrx_word' id='word_1_236' title='bbox 1366 3736 1494 3810; x_wconf 91' lang='lat' dir='ltr'>corpo·</span> 
     </span>
     <span class='ocr_line' id='line_1_29' title="bbox 277 3803 1497 3913; baseline -0.002 -28"><span class='ocrx_word' id='word_1_237' title='bbox 277 3812 348 3899; x_wconf 88' lang='lat' dir='ltr'>ris,</span> <span class='ocrx_word' id='word_1_238' title='bbox 375 3806 638 3903; x_wconf 85' lang='lat' dir='ltr'>profiterentur.</span> <span class='ocrx_word' id='word_1_239' title='bbox 689 3806 789 3913; x_wconf 80' lang='lat' dir='ltr'>Quos</span> <span class='ocrx_word' id='word_1_240' title='bbox 818 3803 1034 3880; x_wconf 83' lang='lat' dir='ltr'>Christianos</span> <span class='ocrx_word' id='word_1_241' title='bbox 1061 3804 1181 3894; x_wconf 83' lang='lat' dir='ltr'>fuisse,</span> <span class='ocrx_word' id='word_1_242' title='bbox 1206 3806 1328 3897; x_wconf 91' lang='lat' dir='ltr'>multi,</span> <span class='ocrx_word' id='word_1_243' title='bbox 1354 3809 1415 3882; x_wconf 91' lang='lat' dir='ltr'>sed</span> <span class='ocrx_word' id='word_1_244' title='bbox 1440 3810 1497 3882; x_wconf 86' lang='lat' dir='ltr'>fal·</span> 
     </span>
     <span class='ocr_line' id='line_1_30' title="bbox 278 3901 1499 3999; baseline -0.002 -18"><span class='ocrx_word' id='word_1_245' title='bbox 278 3907 338 3993; x_wconf 86' lang='lat' dir='ltr'>so,</span> <span class='ocrx_word' id='word_1_246' title='bbox 371 3902 600 3977; x_wconf 84' lang='lat' dir='ltr'>contendunt.</span> <span class='ocrx_word' id='word_1_247' title='bbox 648 3904 707 3976; x_wconf 87' lang='lat' dir='ltr'>De</span> <span class='ocrx_word' id='word_1_248' title='bbox 731 3926 801 3999; x_wconf 91' lang='lat' dir='ltr'>quo</span> <span class='ocrx_word' id='word_1_249' title='bbox 825 3901 907 3975; x_wconf 86' lang='lat' dir='ltr'>alibi</span> <span class='ocrx_word' id='word_1_250' title='bbox 935 3901 996 3975; x_wconf 93' lang='lat' dir='ltr'>suo</span> <span class='ocrx_word' id='word_1_251' title='bbox 1021 3902 1112 3976; x_wconf 88' lang='lat' dir='ltr'>loco.</span> <span class='ocrx_word' id='word_1_252' title='bbox 1161 3903 1351 3995; x_wconf 88' lang='lat' dir='ltr'>Ceterum,</span> <span class='ocrx_word' id='word_1_253' title='bbox 1392 3922 1433 3979; x_wconf 90' lang='lat' dir='ltr'>ut</span> <span class='ocrx_word' id='word_1_254' title='bbox 1457 3927 1499 3979; x_wconf 86' lang='lat' dir='ltr'>ex</span> 
     </span>
     <span class='ocr_line' id='line_1_31' title="bbox 279 3995 1499 4100; baseline -0.002 -23"><span class='ocrx_word' id='word_1_255' title='bbox 279 4000 426 4100; x_wconf 85' lang='lat' dir='ltr'>reliquis</span> <span class='ocrx_word' id='word_1_256' title='bbox 448 3995 606 4071; x_wconf 88' lang='lat' dir='ltr'>Philonis</span> <span class='ocrx_word' id='word_1_257' title='bbox 638 3996 811 4095; x_wconf 73' lang='lat' dir='ltr'>ScriptiS,</span> <span class='ocrx_word' id='word_1_258' title='bbox 846 4017 883 4071; x_wconf 90' lang='lat' dir='ltr'>et</span> <span class='ocrx_word' id='word_1_259' title='bbox 912 3997 1050 4073; x_wconf 89' lang='lat' dir='ltr'>aliunde</span> <span class='ocrx_word' id='word_1_260' title='bbox 1075 4017 1192 4094; x_wconf 86' lang='lat' dir='ltr'>patet,</span> <span class='ocrx_word' id='word_1_261' title='bbox 1234 3996 1322 4072; x_wconf 83' lang='lat' dir='ltr'>sicut</span> <span class='ocrx_word' id='word_1_262' title='bbox 1347 3999 1499 4075; x_wconf 87' lang='lat' dir='ltr'>Platoni·</span> 
     </span>
     <span class='ocr_line' id='line_1_32' title="bbox 277 4092 1498 4194; baseline -0.001 -22"><span class='ocrx_word' id='word_1_263' title='bbox 277 4124 343 4172; x_wconf 92' lang='lat' dir='ltr'>cae</span> <span class='ocrx_word' id='word_1_264' title='bbox 359 4120 411 4169; x_wconf 80' lang='lat' dir='ltr'>ac</span> <span class='ocrx_word' id='word_1_265' title='bbox 434 4092 687 4194; x_wconf 85' lang='lat' dir='ltr'>Pythagoricae</span> <span class='ocrx_word' id='word_1_266' title='bbox 722 4092 988 4190; x_wconf 82' lang='lat' dir='ltr'>philosophiae,</span> <span class='ocrx_word' id='word_1_267' title='bbox 1022 4117 1101 4168; x_wconf 86' lang='lat' dir='ltr'>cum</span> <span class='ocrx_word' id='word_1_268' title='bbox 1129 4093 1303 4167; x_wconf 88' lang='lat' dir='ltr'>Orientali</span> <span class='ocrx_word' id='word_1_269' title='bbox 1330 4097 1498 4192; x_wconf 88' lang='lat' dir='ltr'>conjunc·</span> 
     </span>
     <span class='ocr_line' id='line_1_33' title="bbox 277 4189 1500 4288; baseline 0.001 -22"><span class='ocrx_word' id='word_1_270' title='bbox 277 4213 359 4280; x_wconf 85' lang='lat' dir='ltr'>tae,</span> <span class='ocrx_word' id='word_1_271' title='bbox 385 4193 541 4288; x_wconf 84' lang='lat' dir='ltr'>adeoque</span> <span class='ocrx_word' id='word_1_272' title='bbox 564 4190 749 4279; x_wconf 68' lang='lat' dir='ltr'>colonicae,</span> <span class='ocrx_word' id='word_1_273' title='bbox 775 4210 814 4262; x_wconf 89' lang='lat' dir='ltr'>ut</span> <span class='ocrx_word' id='word_1_274' title='bbox 834 4208 919 4264; x_wconf 86' lang='lat' dir='ltr'>tunc</span> <span class='ocrx_word' id='word_1_275' title='bbox 942 4190 981 4263; x_wconf 90' lang='lat' dir='ltr'>in</span> <span class='ocrx_word' id='word_1_276' title='bbox 1009 4191 1070 4263; x_wconf 91' lang='lat' dir='ltr'>usu</span> <span class='ocrx_word' id='word_1_277' title='bbox 1095 4211 1190 4279; x_wconf 87' lang='lat' dir='ltr'>erat,</span> <span class='ocrx_word' id='word_1_278' title='bbox 1215 4189 1324 4264; x_wconf 87' lang='lat' dir='ltr'>fuerit</span> <span class='ocrx_word' id='word_1_279' title='bbox 1340 4191 1500 4284; x_wconf 86' lang='lat' dir='ltr'>deditus,</span> 
     </span>
     <span class='ocr_line' id='line_1_34' title="bbox 278 4285 1501 4384; baseline 0 -20"><span class='ocrx_word' id='word_1_280' title='bbox 278 4310 320 4364; x_wconf 85' lang='lat' dir='ltr'>et</span> <span class='ocrx_word' id='word_1_281' title='bbox 339 4288 411 4384; x_wconf 83' lang='lat' dir='ltr'>ejus</span> <span class='ocrx_word' id='word_1_282' title='bbox 425 4287 697 4371; x_wconf 79' lang='lat' dir='ltr'>callentissimus,</span> <span class='ocrx_word' id='word_1_283' title='bbox 726 4285 830 4357; x_wconf 87' lang='lat' dir='ltr'>itaut</span> <span class='ocrx_word' id='word_1_284' title='bbox 848 4287 953 4375; x_wconf 84' lang='lat' dir='ltr'>alter,</span> <span class='ocrx_word' id='word_1_285' title='bbox 981 4288 1040 4358; x_wconf 85' lang='lat' dir='ltr'>vel</span> <span class='ocrx_word' id='word_1_286' title='bbox 1056 4286 1242 4382; x_wconf 90' lang='lat' dir='ltr'>Judaicus,</span> <span class='ocrx_word' id='word_1_287' title='bbox 1267 4289 1369 4361; x_wconf 93' lang='lat' dir='ltr'>Plato</span> <span class='ocrx_word' id='word_1_288' title='bbox 1390 4288 1501 4364; x_wconf 87' lang='lat' dir='ltr'>suerit</span> 
     </span>
     <span class='ocr_line' id='line_1_35' title="bbox 280 4378 1503 4482; baseline 0.001 -23"><span class='ocrx_word' id='word_1_289' title='bbox 280 4384 492 4480; x_wconf 82' lang='lat' dir='ltr'>adpellatus,</span> <span class='ocrx_word' id='word_1_290' title='bbox 519 4384 568 4457; x_wconf 88' lang='lat' dir='ltr'>ita</span> <span class='ocrx_word' id='word_1_291' title='bbox 584 4378 783 4482; x_wconf 85' lang='lat' dir='ltr'>allegoricas</span> <span class='ocrx_word' id='word_1_292' title='bbox 805 4382 852 4452; x_wconf 88' lang='lat' dir='ltr'>V.</span> <span class='ocrx_word' id='word_1_293' title='bbox 874 4382 922 4457; x_wconf 89' lang='lat' dir='ltr'>T.</span> <span class='ocrx_word' id='word_1_294' title='bbox 947 4381 1261 4479; x_wconf 84' lang='lat' dir='ltr'>interpretationes</span> <span class='ocrx_word' id='word_1_295' title='bbox 1278 4384 1411 4481; x_wconf 89' lang='lat' dir='ltr'>ubique</span> <span class='ocrx_word' id='word_1_296' title='bbox 1427 4385 1503 4460; x_wconf 88' lang='lat' dir='ltr'>sec·</span> 
     </span>
    </p>
   </div>
   <div class='ocr_carea' id='block_1_3' title="bbox 273 4474 1506 4664">
    <p class='ocr_par' dir='ltr' id='par_1_3' title="bbox 273 4474 1506 4664">
     <span class='ocr_line' id='line_1_36' title="bbox 273 4474 1506 4664; baseline -0.001 -105"><span class='ocrx_word' id='word_1_297' title='bbox 273 4488 372 4591; x_wconf 58' lang='lat' dir='ltr'>natus</span> <span class='ocrx_word' id='word_1_298' title='bbox 397 4477 468 4577; x_wconf 85' lang='lat' dir='ltr'>est,</span> <span class='ocrx_word' id='word_1_299' title='bbox 494 4498 531 4562; x_wconf 87' lang='lat' dir='ltr'>et</span> <span class='ocrx_word' id='word_1_300' title='bbox 558 4480 652 4563; x_wconf 79' lang='lat' dir='ltr'>viam</span> <span class='ocrx_word' id='word_1_301' title='bbox 673 4477 717 4560; x_wconf 81' lang='lat' dir='ltr'>ad</span> <span class='ocrx_word' id='word_1_302' title='bbox 740 4474 1023 4578; x_wconf 66' lang='lat' dir='ltr'>Philosophiam,</span> <span class='ocrx_word' id='word_1_303' title='bbox 1056 4501 1139 4568; x_wconf 70' lang='lat' dir='ltr'>eum</span> <span class='ocrx_word' id='word_1_304' title='bbox 1161 4480 1506 4664; x_wconf 49' lang='lat' dir='ltr'>religioneficogijdg</span> 
     </span>
    </p>
   </div>
   <div class='ocr_carea' id='block_1_4' title="bbox 0 0 1802 5884">
    <p class='ocr_par' dir='ltr' id='par_1_4' title="bbox 0 0 1802 5884">
     <span class='ocr_line' id='line_1_37' title="bbox 0 0 1802 5884; baseline 0 0"><span class='ocrx_word' id='word_1_305' title='bbox 0 0 1802 5884; x_wconf 95' lang='lat' dir='ltr'> </span> 
     </span>
    </p>
   </div>
  </div>
 </body>
</html>
