3575 5884
376 956 450 1031 404
718 930 862 1031 sststoria
885 927 1117 1029 Ecclesiastico
1142 930 1184 1004 V.
1211 926 1251 1004 T.

313 1122 316 1135 '
376 1114 500 1221 pallim
534 1132 791 1213 permutantur:
832 1112 885 1187 uti
920 1137 1071 1213 nepam
1102 1108 1333 1187 Herodoti.
1363 1110 1395 1191 1.
1429 1109 1611 1189 dicuntur

376 1239 547 1313 papiu-au,
579 1212 667 1287 adeo
690 1228 729 1283 ut
754 1212 893 1309 Magog
916 1230 955 1282 et
980 1212 1108 1284 Maket
1134 1230 1254 1305 parum
1277 1204 1467 1297 differant3
1501 1210 1603 1305 quod

379 1314 419 1386 in
448 1310 592 1383 nomine
608 1306 830 1405 Mygdoniae
859 1304 969 1381 tractu
994 1305 1141 1393 vicino,
1163 1322 1201 1377 et
1216 1320 1317 1399 parte
1331 1304 1605 1399 Macedoniae,

378 1396 504 1483 clarius
532 1404 623 1479 cons
640 1404 767 1477 icitur:
793 1402 886 1477 unde
913 1402 1020 1475 etiarn
1042 1399 1144 1500 regio
1163 1397 1458 1494 Mesopotamena
1475 1425 1499 1473 a
1515 1404 1602 1477 Ma.

377 1488 572 1581 'cedonibus
596 1428 647 1574 est
675 1498 876 1599 Mygdonia
900 1497 1089 1593 adpellata,
1114 1514 1152 1569 et
1176 1492 1310 1602 Nisibis
1336 1519 1469 1569 nomen
1491 1501 1604 1574 traxit

376 1594 592 1675 Antiochiae
609 1595 843 1695 Mygdoniae.
888 1594 1115 1667 Memoratur
1137 1608 1245 1664 etlam
1268 1616 1391 1685 mm
1412 1594 1516 1685 urbs,
1541 1598 1605 1671 vel

375 1690 573 1782 castellum,
599 1692 692 1767 iuter
718 1690 967 1767 Macedoniam
991 1707 1030 1763 et
1057 1688 1268 1776 Thraciam,
1309 1687 1401 1785 apud
1429 1690 1603 1787 Thucyd.

377 1780 400 1877 l.
426 1790 455 1864 1.
479 1811 511 1862 c.
539 1798 598 1863 61.
623 1812 736 1887 prope
759 1785 981 1861 Potidaeam:
1020 1785 1119 1880 cujus
1150 1783 1261 1857 etiam
1285 1781 1452 1857 meminit
1477 1788 1600 1861 Hero·
1654 1816 1660 1831 ·

377 1887 455 1965 dot.
481 1884 503 1962 1.
530 1886 619 1961 Vll.
645 1908 727 1981 123.
752 1883 839 1959 Vid.
865 1900 904 1956 et
920 1880 1090 1976 Stephan.
1115 1880 1262 1989 szant.
1287 1879 1326 1953 in
1349 1902 1455 1955 voce.
1504 1884 1597 1973 Sed,

377 2004 445 2087 pro
471 1980 566 2055 iores
577 1998 614 2054 et
631 1980 801 2055 certiores
829 1997 869 2053 ut
894 1976 1072 2074 proferam
1098 1993 1275 2066 tatrones,
1303 1996 1336 2049 1.
1361 1976 1601 2072 Scytharum,

376 2102 428 2157 ex
452 2074 533 2174 rpsrs
556 2074 623 2149 illis
650 2074 722 2149 oris
737 2072 1099 2168 Septentrionalibus,
1127 2071 1362 2168 irruptionem
1389 2073 1429 2145 in
1454 2073 1598 2167 Aliam,

375 2172 538 2287 Syriam,
566 2190 604 2245 et
627 2168 851 2243 Palaestinam
866 2166 927 2241 sub
943 2172 1120 2264 Cyame,
1145 2166 1339 2241 Medorum
1354 2167 1412 2241 Re
1439 2193 1480 2259 e,
1503 2171 1598 2247 haud

374 2274 440 2349 dtu
465 2285 548 2343 ante
567 2286 725 2361 tempora
750 2261 949 2337 Ezechielis
966 2262 1187 2359 Prophetae,
1213 2287 1259 2335 eo
1278 2285 1396 2337 cume
1427 2266 1532 2359 ectu,
1556 2288 1599 2344 ut

373 2360 460 2447 Alia
485 2384 550 2461 per
578 2370 622 2443 28
648 2384 759 2436 annos
791 2356 902 2457 potiti
926 2358 1014 2449 smt,
1054 2357 1199 2434 adtendi
1233 2358 1362 2433 velim<
1402 2359 1487 2462 Qu
1520 2366 1600 2461 Jer.

375 2464 450 2541 Vl:
478 2480 536 2551 15.
562 2480 700 2555 quoque
722 2454 872 2553 respici,
911 2454 1062 2530 adeum
1095 2456 1214 2529 locum
1244 2455 1439 2530 observavi.
1487 2460 1599 2552 Hos,

373 2558 435 2635 uel
460 2554 585 2628 horum
603 2552 748 2643 limiles,
771 2552 982 2649 istarumque
998 2550 1203 2649 regionum,
1222 2574 1265 2625 ac
1281 2548 1403 2641 Astae,
1424 2554 1594 2648 possesso·

372 2674 433 2729 res
464 2648 593 2721 iterum
618 2650 656 2722 in
689 2649 779 2721 haec
808 2649 886 2722 loca
911 2648 1072 2743 inpetum
1095 2646 1247 2721 fadluros
1271 2644 1362 2738 else,
1393 2646 1477 2722 licet
1501 2650 1599 2725 infe·‘

373 2743 502 2823 liciore
517 2740 691 2833 successu,
716 2760 755 2817 ut
774 2740 1048 2839 significaretur,
1072 2743 1251 2841 Propheta
1266 2741 1392 2815 iisdem
1409 2768 1471 2819 eos
1487 2744 1597 2846 insug-

372 2837 474 2919 mivit
489 2836 702 2912 nominibus.
749 2838 832 2911 Nec
840 2838 967 2911 desunt
982 2838 1070 2928 alia,
1093 2856 1238 2937 praeter
1252 2837 1415 2930 uomina,
1441 2841 1598 2937 indicia,

371 2930 503 3011 iudeus
526 2930 680 3030 digitum
707 2932 769 3005 hic
791 2931 953 3020 intendi3
977 2931 1032 3007 uti
1050 2957 1106 3009 ex.
1130 2959 1182 3033 gr.
1208 2934 1247 3007 in
1272 2936 1387 3008 verbo
1410 2930 1523 3018 aaut>
1545 2967 1600 3016 re·

370 3026 445 3107 'alre
458 3026 580 3127 fucere
604 3050 635 3102 c.
660 3028 830 3103 XXXIX:
858 3052 893 3104 2.
917 3047 956 3100 et
979 3029 1061 3102 loco
1078 3030 1275 3126 sepulturae
1298 3052 1414 3127 prope
1441 3036 1595 3111 Genesa-

372 3126 460 3203 reth
485 3148 516 3203 c.
543 3124 710 3198 XXXIX:
739 3146 795 3217 14.
817 3122 903 3199 inde
930 3122 1124 3220 adpellato,
1150 3125 1237 3201 ficut
1261 3149 1282 3201 a
1308 3126 1423 3221 prima
1448 3133 1592 3231 Scytha·

372 3218 660 3393 rum-sisnvulione
692 3222 773 3299 urbs
805 3219 1032 3317 Scythopolis,
1070 3222 1122 3298 ibi
1154 3222 1239 3314 fita,
1278 3238 1412 3299 nomen
1433 3228 1595 3303 censemur

369 3336 467 3395 tram
496 3343 526 3393 e.

423 3412 456 3511 ᾖ.
482 3413 652 3487 CCCCV.
704 3434 736 3489 a.
762 3412 957 3489 Secundam
988 3412 1164 3491 rationem
1195 3413 1278 3492 inde
1357 3436 1433 3491 tere
1466 3421 1595 3513 liceat,

372 3506 472 3607 quod
497 3506 619 3614 Gogi,
644 3510 701 3582 uel
727 3508 848 3603 simili,
872 3507 1018 3583 nomine
1035 3533 1077 3585 ac
1096 3513 1260 3609 epitheto
1284 3516 1474 3590 vudeanmr
1490 3518 1594 3613 insig-

375 3602 446 3679 hiti
473 3601 635 3675 hommes
659 3603 762 3697 elati,
794 3603 950 3695 robusti,
983 3604 1143 3699 feroces,
1175 3608 1302 3705 opibus
1328 3628 1365 3684 et
1378 3611 1524 3687 'viribus
1549 3614 1591 3684 il·

374 3698 520 3793 lustres,
553 3714 745 3793 raptores,
773 3720 857 3775 eto
883 3699 1056 3799 pressores
1076 3703 1241 3796 aliorum,
1282 3707 1344 3780 sed
1369 3704 1591 3805 singularibus

375 3792 520 3897 judiciis
551 3788 683 3867 divinis
709 3796 875 3891 prostratu
908 3816 946 3871 et
980 3796 1107 3874 deleti:
1151 3800 1224 3875 five
1250 3802 1365 3876 ansam
1390 3802 1591 3897 praebuerit

376 3884 708 3995 GpgcsLydorunt,
733 3892 827 3966 unde
844 3892 960 3989 Gygis
969 3917 1056 3990 opes
1071 3915 1108 3969 et
1123 3897 1287 3991 potentia
1303 3898 1341 3971 in
1357 3900 1484 4007 vulgus
1499 3924 1591 3975 ema·

376 4008 528 4073 nerunt,
554 3982 625 4057 vrd.
653 3984 801 4059 Grotius
823 3986 866 4058 ad
892 3988 1011 4064 locum
1035 3992 1259 4085 Ezechielis,
1297 3992 1369 4069 five
1396 3996 1591 4097 Gigantum

372 4080 549 4170 historia,
574 4079 631 4154 vel
646 4077 771 4155 sabula
819 4080 956 4177 Utique
972 4083 1102 4179 Gigas,
1128 4107 1166 4161 et
1176 4088 1352 4181 robustus,
1376 4112 1419 4164 ac
1428 4093 1591 4166 Deorum

372 4178 627 4275 bppugnator,
652 4173 746 4248 idem
771 4175 913 4251 sonant:
937 4177 1031 4251 unde
1054 4209 1146 4278 pum
1168 4184 1220 4259 est
1243 4185 1429 4285 Hesychio
1451 4186 1592 4273 bedar,

371 4260 516 4371 iuml„
540 4270 707 4372 dalpduc,
731 4291 768 4346 et
787 4296 934 4367 >mma
953 4272 1048 4349 dieta
1063 4279 1196 4376 Lycia,
1220 4284 1358 4358 incolae
1373 4282 1448 4391 ejus
1464 4288 1589 4379 gigan·

366 4372 447 4475 pes,
472 4366 599 4449 eodem
626 4366 736 4467 teste,
758 4368 935 4448 Hercules
957 4393 1098 4475 quoque
1119 4376 1331 4479 AEgyptius
1354 4378 1591 4559 ibpdfflmuuss

1409 4498 1430 4550 e
