3575 5884
1232 938 1239 949 ι

297 1119 372 1210 564
642 1101 788 1206 inflatia
810 1097 1113 1203 Ecclefiasticaefil'.
1140 1102 1183 1184 T.

296 1293 370 1368 huc
387 1289 496 1380 ellet,
519 1285 729 1387 potestatem
746 1307 765 1357 a
780 1281 957 1382 synedrio
980 1284 1157 1385 accepill‘e
1187 1287 1296 1366 tradit
1311 1289 1395 1372 A&
1417 1295 1518 1377 mr

295 1409 336 1466 et
361 1388 499 1463 XXVI.
531 1381 713 1459 vinciendi
739 1377 977 1471 chnstianos,
1017 1401 1057 1455 et
1084 1383 1374 1486 Hierosolymam
1407 1392 1512 1472 dedu.

297 1487 426 1572 cendi,
451 1501 491 1555 ut
516 1478 729 1576 puniantur:
756 1477 843 1551 ficut
860 1474 970 1550 etiam
987 1477 1026 1551 in
1042 1478 1311 1576 persecutione,
1337 1484 1385 1562 lic
1405 1489 1515 1584 utu,

298 1576 511 1676 Stephanicr
528 1571 610 1648 Λᾶ.
637 1575 745 1649 VIII.
770 1573 918 1646 multum
934 1572 1079 1648 fuerunt
1095 1599 1116 1648 a
1132 1576 1275 1673 Judaeis
1290 1583 1389 1678 palli.
1435 1586 1513 1694 Qun

296 1676 424 1772 quaeso
443 1674 521 1766 jure
544 1670 617 1743 hoc
635 1688 818 1766 patrarunt
837 1668 988 1764 Judaei?
1021 1668 1231 1768 usurpatorie
1258 1701 1304 1752 an
1331 1680 1518 1779 legitimo?

297 1773 503 1848 alterutrum
535 1766 631 1839 enim
657 1765 845 1839 dicendum
869 1762 941 1854 est,
985 1786 1068 1839 cunr
1093 1771 1316 1848 tumultuaria
1347 1799 1423 1853 non
1445 1778 1515 1854 fue·-

293 1871 389 1955 n'nt,
421 1863 480 1937 sed
503 1861 706 1958 judicialia,
745 1857 856 1967 gesta..
898 1859 997 1953 Prius
1021 1859 1081 1959 qui
1107 1863 1209 1942 statui
1233 1870 1402 1966 poterit?
1435 1897 1514 1950 cum

165 1994 174 2017 ·
292 1963 371 2058 ejus
398 1960 531 2033 nullum
565 1957 637 2035 sese
667 1958 705 2031 in
735 1953 879 2029 hillorta
904 1953 1033 2030 offerat
1063 1956 1256 2052 indicium,
1294 1988 1366 2040 nec
1390 1991 1411 2042 a
1433 1970 1511 2045 Pru-

292 2055 513 2132 curatoribus
527 2051 659 2126 fuerint
686 2047 888 2160 reprehensi
895 2102 910 2157 ,
933 2070 995 2123 aut
1020 2057 1182 2150 repreffi,
1208 2058 1307 2134 secus
1331 2085 1375 2136 ac
1396 2063 1441 2137 'ab
1454 2065 1511 2138 nl·

292 2154 402 2245 bino,
443 2170 605 2246 ternpore
636 2147 753 2222 caedis
779 2146 905 2253 Jacob}
930 2147 973 2220 ab
996 2148 1122 2224 Anano
1148 2153 1351 2248 Pontifice,
1388 2157 1513 2236 fadum

292 2248 367 2340 est,
411 2267 452 2325 ut
483 2246 586 2341 supra
616 2240 779 2317 vidimus.
829 2240 952 2343 Quid?
993 2244 1087 2340 quod
1117 2248 1238 2321 Paulus
1272 2269 1311 2323 et
1339 2252 1513 2333 Tertullus

279 2343 381 2422 illud
405 2343 517 2511 plqgm
540 2339 674 2415 fuerim
699 2360 819 2415 coram
841 2335 919 2434 lpso
935 2337 1094 2416 Praefide
1116 2342 1282 2440 prolelli:
1307 2367 1351 2423 ut
1373 2372 1419 2425 ex
1440 2349 1510 2427 dic·-

289 2440 339 2517 tir
363 2463 407 2513 co
483 2456 508 2508 t.
925 2486 930 2494 -
1505 2506 1512 2519 ,

298 2560 306 2603 ·.
339 2534 373 2636 §.
404 2529 577 2607 DXLIV.
627 2528 697 2604 Sed
729 2526 813 2626 quid
854 2527 1024 2606 faciemus
1053 2528 1098 2605 de
1138 2532 1331 2613 traditione
1362 2541 1512 2639 Judreo

292 2654 372 2710 rum
395 2627 441 2702 de
473 2623 669 2725 Synedrio,
703 2625 775 2699 hoc
796 2625 898 2720 jure,
935 2626 1009 2723 jam
1040 2647 1090 2720 40
1113 2651 1193 2705 ann.
1225 2651 1309 2706 ante
1332 2636 1510 2715 excidium

291 2724 588 2822 Hierosolymae,
612 2722 782 2818 privato?
806 2744 893 2817 quae
910 2721 949 2798 in
966 2741 1047 2796 utro
1071 2746 1115 2796 ue
1134 2722 1328 2821 Talmude,
1356 2754 1396 2807 et
1410 2734 1508 2831 alibi,

287 2818 444 2924 prostat,
485 2817 538 2890 uti
562 2815 601 2888 in
623 2816 751 2889 Avoda
785 2818 888 2905 Sam
929 2816 990 2895 ubi
1125 2816 1223 2898 din
1238 2842 1324 2901 not
1347 2828 1416 2907 alia
1429 2828 1510 2912 'loca'

319 2915 450 2990 arallela
475 2909 624 3007 profert.
671 2907 882 2986 Lettionem
903 2935 984 2986 cum
1004 2913 1206 3010 Wagenseil
1231 2917 1282 2992 de¹
1293 2919 1431 3020 sceptro
1453 2919 1507 3001 ol}

288 2939 358 3091 dito
383 3010 420 3080 ln
446 3008 576 3081 Falcic.
605 3006 725 3081 Crenii
756 3007 827 3077 Vto
853 3029 927 3081 non
953 3005 1224 3105 solicitaverin'r,
1262 3039 1333 3112 pro
1360 3022 1508 3106 ulmi

283 3105 506 3198 'undragr'nra
531 3102 682 3199 legendo
707 3102 819 3183 925&
854 3118 1012 3198 quatuor,
1046 3128 1125 3178 cunr
1151 3106 1234 3184 illud
1258 3112 1357 3188 nullo
1379 3115 1509 3195 nitatur

353 3199 538 3287 damento,
556 3196 737 3270 etaliunde
755 3200 882 3296 etiam,
900 3198 926 3272 fi
941 3199 1079 3274 netelle
1096 3201 1204 3296 ellet,
1220 3205 1369 3283 refutari
1385 3214 1505 3317 polilt,¹

287 3300 366 3379 imo
390 3321 435 3371 ne
462 3293 604 3391 quidem
629 3291 745 3366 fidiam
770 3293 840 3372 effe
868 3293 1094 3368 traditionem
1113 3322 1292 3398 regem,
1317 3303 1410 3384 licet
1430 3322 1505 3389 cum

288 3399 313 3474 s
333 3393 410 3470 ecie
434 3391 548 3491 pollet
580 3386 704 3477 statui,
745 3411 817 3467 non
843 3408 1002 3481 tantum,
1038 3394 1133 3488 quod
1165 3395 1227 3471 diu
1249 3418 1354 3476 antea
1381 3396 1505 3503 Judaea'

289 3517 369 3589 Jam
394 3489 504 3563 fuerit
528 3485 715 3584 provincia
740 3482 920 3577 Romana,
945 3488 1120 3586 adeoque,
1146 3489 1172 3566 st
1197 3492 1286 3568 hinc
1304 3497 1400 3574 ratio
1425 3496 1506 3579 ell'ei

317 3585 466 3675 etenda,
492 3582 674 3658 cellaffent
694 3578 827 3675 judicia
847 3582 1026 3678 capitalia,
1058 3583 1118 3678 sed
1140 3606 1178 3660 et
1198 3589 1292 3687 quod
1319 3582 1506 3675 multitudd

287 3608 491 3760 ircariorum
524 3677 724 3775 proferatur
760 3695 817 3753 tan
843 3701 922 3750 uam
955 3677 1074 3767 causa,
1113 3701 1152 3755 et
1181 3685 1310 3761 eodem
1343 3708 1420 3767 tem
1448 3702 1505 3771 ore

282 3781 411 3877 J'anune
440 3774 586 3871 Templi
610 3774 734 3869 sponte
760 3701 940 3846 tradantur
963 3793 1126 3870 apertae3
1159 3780 1254 3874 quod
1278 3805 1351 3858 non
1406 3781 1504 3867 'rin

285 3869 412 3948 ultima
435 3867 524 3963 reip.
550 3878 720 3964 tempora
735 3868 897 3964 quadrat:
924 3869 978 3943 uti
996 3869 1142 3948 constat.
1174 3875 1264 3951 Illud
1283 3884 1420 3960 notall‘e
1438 3876 1502 3962 suf·

285 3966 438 4055 fecerit,
462 3963 691 4037 traditionem
716 3986 789 4038 non
810 3963 963 4056 habere,
985 3965 1042 4061 jus
1059 3967 1162 4043 fuille
1186 3972 1361 4069 synedrio
1389 3982 1454 4057 ade
1490 4024 1504 4041 ·

185 4089 190 4098 ·
285 4087 385 4154 tum,
418 4060 496 4150 sed,
516 4071 574 4128 'eo
601 4059 809 4149 obtinente,
842 4062 1053 4156 synedrium
1078 4062 1203 4160 sponte
1228 4069 1389 4165 cenasse,
1425 4099 1462 4152 et
1485 4103 1505 4154 a

284 4159 432 4260 judiciis
448 4150 669 4261 abilinuille,
695 4156 1065 4252 propter-ficariorum
1092 4161 1252 4257 copiam,
1277 4189 1345 4241 nec
1367 4169 1406 4246 in
1425 4174 1502 4251 uni.-

281 4254 444 4341 versum,
469 4271 530 4326 aut
556 4269 711 4322 omnium
734 4250 952 4344 judiciorum
979 4255 1158 4351 respedtu,
1183 4281 1306 4337 verum
1330 4268 1442 4342 relate
1460 4269 1504 4348 ad

282 4348 407 4428 civilia
432 4367 469 4419 et
494 4342 675 4432 seditiosa,
707 4363 747 4416 ut
773 4346 810 4418 in
838 4350 938 4421 causa
963 4348 1184 4444 sicariorum,
1229 4374 1266 4430 et
1289 4382 1362 4435 non
1387 4356 1503 4460 quoad

280 4452 398 4533 sacra,
426 4439 512 4517 Vid.
539 4441 675 4516 Selden.
699 4436 744 4511 de
761 4442 906 4536 Synedr.
932 4443 954 4512 l.
978 4447 1024 4522 II.
1049 4470 1081 4521 c.
1104 4471 1160 4539 15.
1208 4451 1270 4526 Ne
1287 4476 1408 4532 autem
1426 4465 1503 4560 quis

273 4543 438 4665 qlenique
459 4537 513 4617 ad
532 4536 781 4635 conditionem
807 4534 998 4623 Prouincias
1023 4541 1352 4663 &werdun
1362 4556 1422 4658 jus
1440 4558 1501 4635 ‚vi-

273 4668 347 4708 llu-t
800 4673 823 4725 (Α
849 4666 970 4737 nnn-»⁴¹
1309 4660 1319 4677 ⁸
1381 4642 1501 4730 '‘r'oe‘e
