3575 5884
1324 1218 1624 1290 Pri-iusim
1676 1214 1957 1322 Qtinrm
2773 1242 2873 1314 ,59

309 1410 316 1411 ἢ
453 1414 655 1491 name,
702 1418 841 1497 quo
874 1418 1089 1475 verus
1117 1394 1221 1473 est
1266 1398 1649 1473 declaratus
1700 1406 1801 1471 vir
1843 1402 2019 1489 Dei,
2070 1414 2145 1471 et
2179 1394 2674 1496 propheticam
2711 1398 2861 1492 ejus

446 1496 1035 1573 denunciationem
1084 1497 1685 1592 complementum
1719 1494 1843 1567 suo
1877 1513 2201 1591 tempore
2238 1492 2807 1568 habituram-effe
2828 1550 2853 1585 ,

438 1594 848 1670 adfirmatum
896 1592 1020 1667 est.
1118 1591 1315 1698 Quae
1377 1590 1755 1701 pericopa,
1824 1616 1897 1666 v.
1958 1612 2274 1685 11-32,
2324 1590 2527 1665 valde
2575 1590 2853 1663 notabi-

435 1690 545 1781 fis,
591 1687 781 1763 varia
811 1686 1103 1785 peperit
1145 1686 1489 1783 quaesita,
1539 1706 1689 1776 uti,
1742 1684 2053 1761 fueritne
2086 1708 2293 1760 verus
2334 1710 2423 1760 an
2455 1684 2659 1759 falsus
2691 1709 2856 1782 pro⁴

424 1787 628 1885 phem
658 1782 975 1859 Israelis?
1027 1783 1193 1880 quid
1227 1786 1471 1879 culpae
1504 1780 1940 1857 commiserit
1976 1782 2324 1880 propheta
2357 1781 2635 1879 Judae?
2687 1807 2852 1879 qua·

420 1904 493 1959 re
523 1878 871 1980 judicium
924 1879 1143 1955 non'i
1264 1930 1287 1969 ‚
1368 1877 1489 1953 sed
1524 1878 1928 1990 prophetae
1980 1877 2250 1953 Israelis
2318 1877 2536 1951 fuerit
2582 1881 2852 1954 revela-

418 1978 618 2055 tum?
660 1977 864 2076 quale
916 1973 1084 2049 illud
1210 1973 1351 2048 erit
1389 1974 1796 2070 judicium?
1844 1972 2151 2072 denique
2202 1997 2342 2069 quo
2380 1974 2545 2048 illud
2578 1973 2848 2071 specta·-

413 2073 651 2151 verit?
697 2071 786 2147 ad
886 2090 1013 2144 uae
1059 2070 1183 2145 hic
1231 2093 1377 2145 non
1423 2070 1527 2145 est
1571 2070 1781 2146 fufius
1823 2073 1947 2146 res
1985 2067 2296 2144 ondendi
2345 2069 2580 2159 locus,
2681 2096 2852 2146 uate

410 2169 653 2270 paucis
696 2167 863 2253 abso
888 2188 1071 2241 vam.
1166 2168 1445 2242 Verum
1538 2166 1776 2241 uidem
1823 2160 1900 2265 ip
1929 2190 2049 2240 um
2098 2165 2610 2239 autmnaverim
2677 2167 2851 2242 uiss‘e

640 2284 872 2353 etam,
921 2262 1040 2336 vel
1089 2284 1306 2337 unum
1354 2284 1449 2337 ex
1550 2262 1662 2336 liis
1707 2263 2256 2360 Prophetarum,
2326 2259 2487 2359 quia
2537 2261 2854 2337 absolute

412 2380 507 2436 eo
548 2358 889 2448 nomine,
943 2356 1129 2433 nulla
1168 2357 1404 2432 addita
1451 2377 1660 2448 nota,
1710 2357 2120 2456 insignitur,
2173 2376 2250 2431 et
2293 2356 2527 2434 aviro
2561 2355 2705 2429 Dei
2755 2370 2852 2432 ex

408 2454 759 2556 Jw'qua
790 2454 945 2529 talia
973 2452 1297 2553 agnitus,
1352 2476 1516 2528 cum
1550 2452 1618 2529 ei
1667 2474 1838 2529 mox
1867 2453 2298 2547 crediderit,
2348 2453 2640 2529 veritati
2673 2478 2846 2551 quo-

558 2576 563 2581 ·
727 2548 1023 2648 phetiae
1062 2558 1315 2625 contra
1342 2549 1557 2627 altare
1600 2548 2086 2626 testimonium
2118 2549 2439 2639 dederit;
2487 2570 2798 2625 attamen
2818 2605 2848 2640 ,

454 2650 1067 2740 eroboarno„non
1100 2645 1420 2722 obstante
1450 2647 1678 2721 cultus
1713 2645 2227 2737 inmutatione,
2259 2645 2629 2721 adhaefiffe
2650 2703 2672 2736 ,
2706 2668 2848 2721 nec

406 2763 453 2819 a
479 2760 693 2819 verae
744 2740 1041 2839 pietatis
1083 2740 1312 2819 studio
1344 2740 1527 2818 adeo
1575 2744 1928 2818 celebrem
1977 2741 2221 2833 fuisse,
2273 2765 2366 2818 ex
2398 2743 2697 2816 mentita
2731 2767 2844 2815 re-

405 2839 814 2927 velatione,
870 2860 1007 2911 nec
1056 2858 1201 2911 non
1245 2838 1684 2913 habitatione
1733 2839 2068 2929 Bethele,
2116 2838 2288 2913 lieet
2333 2838 2636 2912 Samaria
2687 2837 2840 2910 sue-

403 2936 511 3009 rit
552 2934 932 3023 oriundus,
1005 2955 1046 3007 2
1082 2934 1265 3032 Reg.
1314 2936 1587 3010 xxm:
1647 2944 1755 3015 18.
1811 2935 2114 3032 denique
2168 2958 2259 3012 ex
2290 2935 2504 3029 scopo
2538 2933 2842 3007 redueti⁴

407 3029 571 3104 onis
616 3029 1000 3125 prophetae
1052 3030 1313 3140 Judae,
1350 3030 1605 3127 colligi
1636 3031 1827 3126 posle
1855 3029 2162 3105 videtur.
2258 3030 2522 3125 Scopus
2553 3030 2840 3128 utique,

402 3148 617 3226 quare
664 3127 902 3199 virum
933 3128 1079 3199 Der
1124 3144 1322 3200 tanto
1369 3124 1598 3200 studio
1651 3127 2066 3217 revooevit,
2117 3127 2286 3201 alius
2336 3126 2516 3199 mihi
2545 3149 2688 3197 non
2722 3149 2840 3222 pa-

402 3240 551 3313 tet,
600 3244 810 3319 quam
858 3239 936 3294 ut
991 3222 1112 3295 suo
1160 3221 1419 3295 honori
1471 3223 1904 3314 consuleret,
1958 3242 2032 3296 et
2082 3222 2488 3321 Jeroboami
2522 3246 2838 3295 commo-

398 3317 489 3394 ὼ
535 3335 1020 3414 promoveret.
1116 3318 1292 3390 Cum
1361 3338 1436 3392 et
1501 3319 1643 3414 ipse
1704 3315 1878 3393 effet
1942 3341 2117 3393 unus
2182 3319 2485 3393 filiorum
2537 3319 2841 3412 prophe-

402 3433 673 3504 tarum,
722 3413 1069 3509 propheta
1113 3435 1407 3511 quoquc·
1441 3415 1657 3512 vulgo
1686 3414 2005 3506 habituS,
2058 3416 2127 3489 se
2161 3441 2201 3490 a
2250 3417 2412 3490 viro
2460 3414 2604 3487 Dei
2669 3438 2840 3509 neg-

404 3508 702 3603 leftum,
757 3530 896 3583 nec
924 3506 1279 3583 vifitatum
1313 3508 1559 3601 fuiss'e,
1612 3532 1824 3608 aegre
1857 3512 2057 3601 tulit,
2109 3533 2186 3584 et
2215 3514 2301 3584 ad
2336 3509 2481 3595 sui,
2531 3508 2838 3604 dignita·
2907 3576 2912 3581 .

410 3604 633 3700 tisque
682 3605 1180 3701 propheticae,
1230 3626 1669 3680 contemtum
1720 3607 2026 3704 spe6tarc
2045 3658 2065 3695 ‚
2119 3605 2243 3677 fibi
2289 3602 2656 3700 persuasit,
2723 3603 2843 3679 cui

407 3717 497 3775 ut
541 3719 975 3792 occurreret,
1024 3701 1366 3798 propheta
1408 3702 1741 3794 τεάιιᾶο,
1790 3703 1861 3777 se
1899 3726 2060 3775 cum
2111 3725 2200 3773 eo
2253 3700 2662 3777 familiarem
2701 3701 2842 3778 esse

405 3792 928 3872 demonstravit.
1024 3798 1162 3872 Sed
1196 3816 1271 3870 et
1301 3798 1533 3891 idem,
1586 3799 1773 3895 quod
1813 3796 2312 3894 Jeroboamus,
2351 3798 2424 3871 in
2457 3798 2842 3872 retinendo

402 3890 575 3966 viro
623 3892 801 3984 Dei,
850 3892 1157 3991 videtur·
1189 3893 1265 3968 in
1313 3896 1550 3968 animo
1601 3895 1954 3983 habuisse,
2021 3915 2113 3969 ut·
2150 3919 2275 3970 rex
2324 3896 2832 3982 honoraretur,

406 4006 481 4062 et
527 3986 737 4062 Israel
798 3988 873 4064 in
938 3991 1091 4086 ejus
1158 3990 1561 4066 obedientia
1629 4010 1962 4065 maneret.
2061 3991 2204 4065 Vir
2251 3993 2442 4065 enim
2492 3990 2676 4078 Dei,
2761 3990 2837 4062 in

409 4084 495 4157 'eo
527 4084 697 4159 loct>
723 4106 1162 4176 manens‚-et
1198 4110 1358 4159 cum
1386 4085 1671 4159 civibus
1702 4087 2206 4159 commercium
2242 4111 2579 4162 exercens
2599 4142 2619 4174 ‚
2673 4087 2840 4158 Deo

411 4177 570 4254 illud
616 4204 913 4280 regnum
967 4205 1111 4254 non
1154 4182 1295 4256 ess'e
1342 4182 1734 4282 ingratum,
1785 4204 1932 4256 non
1983 4182 2300 4259 obstante
2347 4182 2750 4270 defectione
2797 4208 2840 4258 a

408 4273 475 4348 le
614 4278 805 4374 ejus,
856 4276 1383 4353 demonstravit.
2833 4312 2838 4316 ·

536 4430 552 4447 .
600 4374 868 4448 LXIII.
912 4374 1135 4477 -Qlod
1172 4394 1347 4446 vero
1378 4375 1465 4448 ad
1500 4393 1865 4472 peccatum
1902 4375 2041 4447 viri
2074 4373 2258 4464 Dei,
2296 4374 2371 4446 in
2404 4371 2636 4445 reditu
2674 4398 2836 4446 cum

401 4462 747 4570 Propheta
798 4469 921 4543 illo
966 4469 1457 4564 commissum,
1509 4471 1822 4560 adtinet,
1875 4471 2102 4545 videri
2139 4471 2421 4567 quidem
2454 4469 2677 4564 posset
2711 4493 2833 4539 ex-

399 4564 754 4656 curabilis,
841 4586 917 4638 et
965 4565 1149 4638 solus
1197 4567 1539 4665 propheta
1586 4568 1888 4642 mendax
1938 4565 2340 4662 culpabiliS,
2413 4589 2572 4641 cum
2629 4562 2838 4636 dietis

390 4658 551 4801 fjus
597 4660 933 4742 credendi
977 4660 1307 4748 habuerit
1353 4665 1705 4839 mioffrg
1723 4714 1749 4755 ,
1799 4663 1962 4766 quia
1994 4666 2216 4763 ipsum
2249 4654 2839 4834 P‘Qhffissefge

2804 4818 2834 4863 ³
