3575 5884
229 617 1624 874 m

596 1066 627 1089 ”
744 1101 901 1182 rmum
928 1102 1069 1225 naua:
1439 1111 1515 1204 592¹

283 1302 430 1384 quoque
453 1280 524 1359 suit
539 1283 690 1382 peritus,
713 1283 799 1361 licet
823 1287 939 1362 minus
961 1284 1312 1384 rebiepronunciare
1334 1281 1484 1362 valuerit
1491 1295 1511 1379 ,'

282 1405 324 1457 ut
350 1380 428 1478 ipse
453 1381 597 1456 testatur
620 1383 707 1460 Ant.
731 1384 811 1458 XX.
857 1383 988 1458 Latine
1008 1402 1126 1457 autem
1152 1381 1333 1482 progreffu
1360 1400 1508 1476 tempo-

281 1479 330 1552 ris
354 1474 469 1550 vertit
492 1475 656 1551 Ruffinus
676 1477 933 1575 Aquilejensrs,
972 1498 1011 1553 et
1035 1479 1222 1571 audacius,
1258 1480 1318 1576 qui
1352 1478 1413 1552 sub
1438 1496 1506 1559 nor
1602 1517 1604 1521 ¹

280 1575 381 1649 mine
405 1572 582 1651 Ambrofii
606 1574 713 1662 latet,
738 1574 783 1647 de
807 1599 878 1671 quo
901 1572 1023 1671 postea
1046 1576 1109 1650 suo
1133 1578 1237 1666 loco,
1263 1594 1302 1648 et
1327 1571 1503 1671 Hegesrp·

281 1671 323 1771 pi
342 1671 583 1756 nomine,·ex
599 1667 756 1766 Jostppo‚
781 1670 959 1767 Josepho,
986 1691 1165 1768 corrupto.
1214 1671 1414 1746 Secundum
1431 1688 1505 1742 me·

280 1785 408 1842 rentur
439 1766 561 1837 locum.
583 1766 683 1839 Libri
717 1788 765 1839 20
787 1767 1029 1861 Antiquitatum
1055 1769 1289 1866 judaeorum,
1321 1763 1505 1841 historiam

308 1859 408 1960 opali
426 1858 568 1956 Juduei,
594 1862 637 1935 ab
666 1861 763 1936 Orbe
791 1861 947 1935 Condito
970 1861 1141 1958 usquead
1172 1885 1300 1935 rantum
1322 1861 1503 1950 Neronis,

280 1888 344 2033 feu
368 1954 510 2030 initium
538 1956 618 2030 belli
643 1957 778 2051 Judaici
792 2012 802 2046 ,
829 1958 1025 2052 complexi,
1051 1980 1089 2032 et
1113 1959 1231 2052 lingua
1257 1957 1392 2030 Graeca
1416 1980 1503 2030 con·

282 2052 434 2150 scripti3
459 2051 584 2146 quibus
611 2054 683 2147 ipse
709 2054 888 2148 subjunxit
912 2054 1039 2127 librum
1064 2054 1108 2127 de
1136 2059 1208 2128 m'ta
1222 2051 1316 2147 sua3
1351 2070 1390 2124 ut
1414 2054 1502 2125 Ant.

282 2151 366 2226 XX.
393 2145 559 2234 testatur3
583 2146 620 2221 in
637 2171 707 2244 quo
723 2150 829 2223 multa
853 2172 992 2244 quoque
1008 2150 1139 2236 refert,
1163 2149 1206 2222 ad
1224 2146 1409 2220 historicos
1423 2146 1506 2223 suot

280 2249 392 2324 libros
417 2243 663 2340 complendos.
688 2247 753 2319 vel
769 2242 1007 2333 illustrandos,
1030 2243 1259 2344 pertinentia.
1308 2241 1445 2346 Quibus
1466 2264 1499 2317 a.

280 2366 354 2420 aer.
379 2341 430 2415 V.
462 2361 508 2434 93
535 2339 718 2428 absolutis,
757 2339 908 2436 denique
940 2339 1027 2412 duos
1059 2338 1214 2414 exaravit
1246 2339 1362 2419 libros
1379 2353 1504 2410 contra

280 2437 464 2537 Apionem
481 2434 775 2525 Alexandrinum,
800 2439 860 2534 qui
877 2435 1027 2531 Judaeos
1050 2456 1212 2532 tanquam
1239 2450 1419 2510 recentem
1434 2430 1503 2529 po'·
1525 2514 1542 2527 Ι,

308 2537 424 2622 mum,
450 2529 595 2604 Graecis
612 2531 840 2626 scriptoribus
864 2532 1048 2626 ignotum,
1073 2553 1111 2606 et
1129 2532 1252 2606 nullius
1277 2528 1408 2625 frugis,
1433 2548 1504 2601 tra·

278 2562 450 2715 fluxerat,
484 2648 589 2723 quem
613 2628 751 2727 prolixe
774 2627 925 2719 refutat,
956 2644 994 2698 et
1020 2651 1061 2700 ea
1088 2627 1270 2701 occasione
1296 2628 1394 2700 varia
1417 2646 1503 2721 pro·

279 2729 353 2803 sert
379 2725 556 2799 Veterum
591 2722 637 2794 de
662 2721 804 2820 Judaeis
831 2719 1052 2816 testimonia,
1085 2721 1182 2809 simul
1207 2723 1421 2820 Judaeorum
1446 2741 1502 2792 re·

279 2821 453 2921 ligionem
485 2816 670 2911 defendit,
710 2836 748 2891 et
778 2817 945 2897 illustrat.
985 2817 1104 2891 Mitto
1131 2817 1197 2894 alia
1221 2843 1349 2915 opera,
1391 2814 1502 2912 ipsun

280 2915 456 2996 nonnullis
481 2912 674 3010 adscripta,
699 2932 739 2988 ut
764 2937 820 2990 ex.
846 2940 898 3013 gr.
923 2914 1106 2987 Sermonem
1130 2914 1174 2987 de
1198 2916 1240 2987 In
1262 2920 1325 2988 erio
1340 2917 1503 3000 rationis,

279 3017 321 3092 in
344 3012 480 3091 laudem
504 3008 638 3108 septem
664 3011 980 3098 Maccahaeorum,
1012 3008 1203 3084 celebrium
1226 2935 1287 3084 lirb
1314 3007 1503 3086 Antiocho

279 3111 490 3209 Epiphane‚
515 3130 583 3181 una
606 3128 686 3179 cum
701 3110 804 3181 Patre
826 3125 864 3181 et
881 3123 1016 3194 matre,
1042 3125 1132 3181 mart
1159 3130 1237 3180 rum
1252 3106 1341 3206 legis
1366 3127 1404 3180 et
1420 3102 1503 3180 reli-

280 3207 399 3309 gionis
424 3201 582 3302 patriae3
649 3201 685 3277 ui
709 3202 843 3278 libellus
866 3227 886 3277 a
910 3200 1105 3276 Veteribus
1133 3133 1291 3302 iosepho
1326 3203 1501 3295 tributus,

282 3303 404 3380 nescio
428 3321 511 3373 num
537 3225 687 3394 ejustitt.
738 3298 822 3373 Mn.
848 3296 928 3371 libri
956 3295 1096 3372 inmane
1123 3314 1288 3397 quantum
1307 3295 1502 3383 differunt,

283 3421 321 3476 et
349 3399 387 3473 in
413 3392 614 3492 quibusdam
650 3394 737 3467 Cod.
767 3394 911 3470 Graecis
932 3392 1125 3471 Bibliorum
1151 3395 1256 3466 titulo
1288 3393 1367 3465 libri
1389 3391 1503 3486 quarti

282 3499 565 3574 Maccahaeorum
593 3513 629 3562 re
659 3489 777 3565 eritur.

329 3592 362 3692 ᾗ.
388 3588 553 3665 DLXXI.
579 3516 749 3684 Josphus
767 3585 850 3660 licet
866 3583 960 3681 ipse,
978 3583 1015 3658 in
1031 3583 1218 3682 prooemio
1238 3599 1277 3656 et
1293 3583 1314 3660 l.
1326 3586 1370 3659 X.
1391 3581 1506 3676 Ant,

282 3687 434 3771 studium
461 3681 623 3757 veritatis
655 3682 850 3779 praeferat,
894 3681 1033 3777 seseque
1062 3704 1082 3753 e
1109 3679 1212 3755 sacris
1243 3680 1340 3756 libris
1365 3680 1511 3772 Mosrs,‘

281 3805 321 3862 et
346 3779 621 3878 Prophetarum,
646 3777 826 3853 historiam
848 3777 940 3852 suam
958 3775 1107 3852 studiose
1134 3777 1366 3873 composuisse
1394 3775 1500 3851 teste,

282 3902 362 3972 tur,
387 3902 407 3952 a
433 3873 628 3952 Veteribus
652 3897 811 4042 quospue,
836 3891 874 3946 et
892 3872 1010 3947 multis
1037 3872 1315 3950 Recentioribus
1332 3872 1499 3947 Christia-

282 3977 361 4067 nis,
388 3973 455 4047 bac
506 3989 580 4045 arte
604 3968 712 4042 fuerit
747 3969 910 4061 audatus,
943 3967 1064 4065 negari
1090 3986 1208 4047 tamen
1233 3971 1377 4067 nequit,
1414 3992 1497 4044 eum

280 4071 346 4148 stbi
374 3993 520 4143 subluis
545 4066 650 4141 nimis
679 4064 869 4156 indulsisse,
903 4064 1000 4139 varia
1033 4066 1202 4159 tacendo,
1235 4069 1291 4140 vel
1314 4063 1498 4158 addendo,

281 4169 342 4248 vel
369 4164 407 4241 in
432 4165 598 4261 perverso
626 4161 794 4259 ponendo
826 4160 1039 4258 conspesiu,
1081 4159 1153 4237 five
1177 4160 1383 4234 traditiones
1407 4184 1498 4234 con·

282 4257 431 4343 soluerit
457 4258 688 4345 Pharisaicas,
730 4255 801 4332 five
833 4255 1017 4354 ingenium
1045 4256 1141 4333 suum
1166 4258 1302 4331 secutus
1329 4253 1390 4344 stt,
1423 4255 1497 4330 five

281 4358 394 4439 etiam
419 4356 594 4431 Gentibus
617 4355 779 4449 placere,
804 4371 864 4428 aut
889 4379 1012 4430 eorum
1038 4353 1249 4428 offenfiones
1272 4351 1406 4439 vitare,
1429 4377 1497 4426 vo·

279 4451 407 4540 luerit,
432 4475 504 4548 quo
528 4449 707 4549 pertinet,
732 4451 825 4547 quod
851 4451 1014 4528 miracula
1031 4465 1222 4536 extenuet,
1248 4467 1285 4522 et
1300 4448 1401 4547 saepe
1419 4447 1495 4524 sub·

275 4555 424 4729 jurPat,
441 4545 514 4725 [ἱά
536 4549 578 4628 dr
602 4548 675 4646 lis,
700 4563 737 4629 at
762 4551 1001 4726 auiqaffsbfet,
1025 4552 1073 4625 ita
1087 4540 1240 4646 sentiat:
1266 4567 1353 4653 quae
1376 4568 1503 4742 exenii}

358 4668 419 4743 om,
1137 4718 1141 4723 .
1245 4736 1247 4740 ¹
1430 4667 1458 4750 p
