3575 5884
156 613 658 849 -i
722 616 1645 897 1-

644 636 653 647 Ι.

644 658 648 663 ,
674 650 679 659 ι

907 918 914 927 ι

744 1002 893 1091 Scaena
971 1060 973 1064 ·
1106 1020 1116 1031 '
1353 1023 1431 1124 609

179 1213 182 1216 ⁴
204 1214 273 1282 nec
297 1190 474 1274 minorem
500 1187 627 1268 habuit
653 1193 882 1291 successorem
909 1191 1020 1270 filium
1042 1181 1154 1272 iilum
1172 1192 1427 1300 Veſjaafianam,

205 1298 297 1375 bello
322 1291 471 1391 Judaico
497 1289 664 1365 conserto
700 1293 997 1383 celeberrimum,
1041 1290 1137 1369 simul
1168 1296 1427 1379 benelaciendo

202 1391 368 1469 omnibus
386 1386 633 1484 gratissimum,
657 1392 795 1464 delicias
820 1389 963 1486 generis
980 1390 1124 1467 humani
1140 1387 1331 1488 propterea
1349 1399 1425 1470 dic·

204 1508 304 1578 tum,
329 1485 387 1583 qui
406 1489 511 1570 aliern,
536 1510 608 1581 quo
633 1485 768 1558 nemini
786 1487 1033 1577 benefecerat,
1050 1489 1273 1586 sepaediliffi·
1291 1493 1424 1569 solebat

202 1588 346 1673 dicere,
388 1580 447 1654 sed
472 1580 576 1654 nimis
604 1581 678 1653 cito
703 1601 818 1653 morte
843 1584 1048 1679 abreptum,
1085 1607 1164 1658 ann.
1191 1611 1259 1660 aer.
1286 1591 1334 1663 V.
1362 1599 1423 1670 81.

201 1707 284 1760 curn
310 1702 390 1752 ann.
419 1701 450 1752 2.
475 1678 666 1774 regnaffet;
692 1701 736 1750 eo
763 1677 868 1750 etiam
896 1679 1093 1767 infelicius,
1126 1683 1219 1776 quod
1244 1682 1422 1760 dissimilli-

202 1803 300 1856 mum
323 1773 488 1847 habuerit
513 1773 762 1863 l'uccess'orem,
797 1774 875 1845 Tit.
903 1775 952 1849 Fl.
973 1777 1223 1867 montanum,
1258 1778 1423 1876 fratrem,

203 1898 311 1951 omne
339 1894 449 1969 genus
473 1868 570 1942 vitiis
594 1870 772 1958 infamem,
798 1869 984 1965 superbum
1011 1871 1107 1944 simul
1134 1891 1172 1944 et
1198 1873 1339 1953 saevum
1367 1897 1424 1977 ty·

202 1992 373 2051 rannurn,
398 1963 870 2063 Philosophorumlrostem,
897 1991 985 2062 quos
1008 1969 1093 2039 urbe
1120 1983 1160 2039 et
1183 1970 1283 2043 Italia
1310 1998 1423 2071 expu-

202 2069 263 2158 lit,
290 2083 328 2138 et
351 2061 539 2136 secundum
563 2061 840 2135 Christianorum
866 2063 1149 2155 persecutorem:
1176 2063 1220 2136 de
1247 2089 1316 2161 quo
1342 2074 1422 2166 pos·

204 2187 273 2240 tea.
322 2157 489 2257 Denique
515 2157 670 2230 hominis
702 2156 910 2231 conditione
943 2181 1016 2230 non
1049 2177 1259 2250 contentus,
1301 2165 1429 2253 Deum

205 2254 393 2356 adpellari,
428 2277 511 2350 prae
536 2254 713 2343 vanitate,
746 2252 870 2325 voluit.
921 2255 1053 2328 Falsum
1078 2279 1217 2351 quoque
1241 2255 1285 2328 de
1312 2262 1422 2337 Dacis

205 2377 240 2432 er
265 2351 473 2439 Germanis,
498 2347 681 2422 vietoriam
707 2368 899 2438 mercatus,
932 2351 1009 2447 egit
1041 2352 1272 2447 triumphurn.
1323 2359 1420 2434 Tan.

204 2454 394 2528 demeum
429 2444 534 2519 nimis
559 2444 749 2518 crudeliter
774 2444 908 2518 saevire
933 2445 1130 2544 inciperet,
1164 2450 1207 2520 ab
1238 2447 1319 2544 ipsis
1342 2456 1421 2530 Do·

205 2545 359 2625 mesticis
386 2543 477 2617 truci
501 2559 617 2614 morte
642 2539 791 2614 sublatus
815 2538 884 2613 est:
930 2566 1010 2615 cum
1039 2543 1211 2639 regnaliet
1245 2569 1324 2621 ann.
1355 2575 1423 2643 15,

204 2669 275 2720 aer.
310 2642 419 2736 Vulg.
452 2645 512 2727 96.
547 2637 650 2744 eique
683 2635 847 2710 suffedius
881 2638 1036 2734 Coccejus
1067 2643 1181 2713 Nerua
1214 2641 1419 2722 Narnienlir

206 2741 332 2822 Italus,
359 2760 379 2808 e
403 2733 512 2807 nobili
528 2733 736 2806 Sabinorum
756 2731 907 2823 familia,
932 2732 1080 2807 militiae
1104 2754 1140 2808 et
1158 2736 1302 2811 virtutis
1319 2743 1421 2818 laude

206 2832 373 2922 celebris,
414 2830 473 2926 qui
497 2827 606 2901 etiam
634 2826 760 2924 injuste
785 2829 965 2903 damnatos
989 2830 1158 2921 absolvit,
1191 2852 1228 2906 et
1255 2834 1423 2914 Christia-

205 2953 330 3009 norum
358 2921 597 3022 persecutioni
630 2923 738 2997 finem
769 2923 935 3020 inposuit.
984 2928 1073 2999 Cum
1105 2951 1193 3000 vero
1215 2931 1287 3028 jam
1311 2929 1424 3014 senex'
1526 2945 1528 2948 ’

204 3029 311 3115 esset,
346 3022 384 3096 in
407 3019 624 3095 consortium
647 3039 684 3093 et
708 3020 978 3110 successionem,
1012 3021 1178 3116 prudenti
1206 3028 1283 3103 usus
1307 3031 1420 3106 consr-

200 3126 272 3211 lio,
299 3117 482 3215 adoptavit
500 3112 645 3210 Ulpium
665 3117 879 3213 Trajanum,
905 3141 947 3190 ac
972 3115 1142 3192 stomachi
1169 3119 1292 3200 dolore
1319 3127 1422 3205 brevi

200 3236 364 3295 mortuus
396 3213 469 3315 est,
512 3235 594 3287 cum
630 3213 803 3310 regnasset
835 3235 965 3288 annum
998 3234 1036 3288 et
1065 3238 1090 3306 4
1122 3217 1239 3294 Mens.
1272 3245 1341 3297 aer.
1368 3227 1426 3300 V.

198 3327 281 3510 98&
307 3404 531 3482 DLXXXV.
572 3402 813 3498 Subjungendi
836 3404 1023 3491 videntur,
1057 3428 1102 3478 ne
1128 3404 1172 3480 ali
1199 3406 1258 3482 uid
1282 3409 1319 3484 in
1341 3435 1424 3522 gra.

200 3507 288 3582 tiam
308 3501 496 3592 lemurum,
522 3501 644 3599 utique
663 3501 930 3589 nonnullorum,
948 3498 1056 3590 desit,
1082 3432 1257 3578 Praelides
1274 3508 1422 3607 Syriae,

200 3623 351 3702 quorum
380 3597 422 3670 ad
447 3595 614 3694 Judaeum
637 3593 766 3671 ardlior
790 3593 1032 3704 fuit-relatio,
1058 3595 1191 3765 puippe
1211 3603 1333 3700 Syriae
1359 3628 1425 3680 ac·

200 3697 369 3775 censitam
397 3713 435 3766 et
458 3692 669 3779 obnoxiam3
695 3691 752 3765 scd
773 3693 931 3767 breviter
954 3713 1062 3765 recen
1078 3694 1182 3788 endi,
1209 3723 1255 3773 ne
1280 3702 1421 3797 longio-

199 3813 257 3870 res
284 3791 418 3866 traham
446 3812 569 3865 moras.
618 3786 705 3864 Vid.
732 3790 921 3867 Casaubon.
956 3787 999 3862 ad
1022 3791 1158 3882 Baton,
1197 3796 1422 3874 Montacuti.

180 3899 241 3969 ¹us
266 3890 311 3963 ad
339 3885 438 3983 Orig.
464 3887 596 3962 Eccles.
620 3903 776 3983 apparat.
803 3886 871 3959 IV.
897 3884 979 3958 deni
1006 3908 1070 3973 ue,
1106 3911 1152 3964 ne
1176 3892 1261 3966 alios
1286 3915 1424 3969 memo-

200 4010 297 4074 rem,
332 3983 521 4082 praecipue
545 3980 665 4055 Noris.
692 3983 818 4055 Cenot.
842 3980 908 4054 Pis.
933 3908 1022 4055 Diis.
1049 3982 1098 4060 II.
1131 4010 1232 4085 quem
1259 3989 1425 4073 omnibue

200 4081 376 4181 praefero.
424 4077 551 4175 Legati
571 4075 743 4166 Antonii,
762 4095 802 4151 ut
820 4075 903 4149 inde
918 4075 1109 4174 incipiam,
1134 4081 1192 4156 cui
1209 4083 1424 4177 prouinciae

200 4176 402 4255 Orientales
420 4175 642 4272 obtigerant,
668 4174 773 4248 etiam
792 4172 967 4246 Praesides
983 4174 1089 4268 dieti,
1116 4177 1258 4250 suerunt
1276 4181 1422 4278 sequen·

201 4292 266 4349 tes.
320 4297 350 4346 r.
376 4270 547 4345 Decidius
570 4271 680 4361 Sana,
720 4268 912 4346 castrorum
938 4291 1095 4345 metator
1126 4273 1186 4346 sub
1211 4277 1354 4351 Caesare
1382 4280 1422 4358 in

203 4367 395 4467 Hispania,
426 4366 510 4441 dein
529 4364 710 4443 Tribunus
727 4367 858 4467 plebis,
886 4390 923 4443 et
940 4367 1061 4464 Syriae
1092 4370 1225 4467 legatus
1247 4374 1287 4444 ab
1305 4374 1422 4448 Anto·

200 4466 264 4546 aio
289 4461 499 4543 constitutus
526 4488 555 4544 a.
581 4466 628 4544 U.
654 4466 694 4542 C.
721 4465 1066 4640 ylrigfihahLabieno,
1091 4489 1171 4542 curn
1197 4468 1333 4542 Parthis
1356 4472 1425 4577 ay.

360 4578 363 4587 ’
1096 4586 1098 4591 ·
1334 4587 1425 4645 riam
