3575 5884
381 1169 430 1256 56
610 1167 616 1180 '
718 1163 863 1265 institia
885 1163 1118 1270 Ecclniastico
1140 1165 1184 1246 V.
1213 1165 1255 1242 T.

377 1337 561 1431 instituto,
601 1342 653 1439 ad,
676 1350 875 1443 exemplum
908 1349 1113 1424 Salomonis.
1179 1351 1270 1422 Cum
1298 1342 1394 1419 enim
1430 1363 1594 1440 tempore

373 1433 454 1511 sesti
478 1441 797 1516 Tabernaculorum
821 1443 1011 1520 dedicasset
1038 1445 1248 1542 Templum,
1280 1439 1370 1516 festo
1394 1438 1591 1515 dedicatio·

374 1532 430 1606 nis
456 1531 637 1624 institut0‚
679 1539 844 1636 utsupra
868 1540 1040 1635 vidimus,
1072 1542 1260 1638 Jeroboam
1284 1537 1399 1625 idern,
1438 1535 1498 1610 sed
1519 1535 1593 1608 alio

372 1628 462 1703 fecit
488 1629 626 1719 mense,
660 1637 768 1707 oliam
793 1634 947 1726 scilicet,
980 1657 1019 1711 et
1042 1660 1115 1709 non
1137 1636 1297 1734 septimo,
1331 1631 1402 1703 five
1426 1649 1512 1707 tunc
1536 1628 1588 1704 fa-

371 1747 456 1799 nurn
481 1723 521 1796 srt
545 1726 738 1800 absolutum
762 1753 804 1803 ac
827 1730 1047 1822 dedicatum,
1071 1730 1144 1807 five
1167 1732 1211 1804 ad
1236 1725 1475 1804 imitationem
1499 1748 1588 1822 quo-

369 1843 440 1990 ?ue
472 1821 757 1916 Aigyptiorum.
813 1826 975 1919 Septimus
1007 1824 1104 1901 eninr
1133 1825 1258 1901 mensis
1291 1820 1497 1896 israeliticus
1528 1843 1585 1892 re·

383 1915 519 2010 pondet
542 1922 651 1990 oclauo
667 1918 925 2015 AEgyptiacoa
950 1921 1003 1995 uti
1019 1920 1220 1997 observavit
1247 1919 1297 1994 Vi
1348 1917 1436 1990 olius
1451 1916 1583 1990 Chron.

368 2013 404 2086 S.
452 2013 594 2086 Praeter
607 2012 696 2086 haec
713 2034 848 2110 quatuor
867 2017 1056 2106 notabilia,
1084 2041 1168 2092 num
1184 2013 1290 2110 aliqui
1331 2013 1370 2086 in
1388 2011 1485 2084 cultu
1498 2010 1585 2116 llio·

350 2103 485 2196 serico,
514 2128 576 2181 aut
601 2108 677 2207 ejus
702 2109 848 2207 ritibus,
883 2112 1092 2203 mutaverit,
1123 2136 1197 2187 non
1221 2108 1374 2186 constat:
1407 2105 1583 2180 silentium

368 2200 557 2292 historiae,
582 2203 622 2277 in
638 2202 760 2298 primis
778 2207 943 2282 notabilis
959 2209 1128 2305 pericopa
1150 2209 1232 2282 Am.
1259 2205 1327 2279 IV:
1352 2226 1390 2294 42
1415 2223 1439 2290 5
1443 2254 1473 2289 ο,
1498 2218 1584 2298 ΡΝ·

365 2297 480 2373 babile
502 2297 591 2370 mihi
605 2298 723 2387 ¹facit,
749 2299 902 2398 reliquos
924 2303 1033 2392 ritus,
1056 2305 1115 2380 vel
1137 2301 1323 2378 maximam
1344 2314 1502 2395 partem,
1527 2293 1586 2380 fu·-

364 2393 428 2468 isie
465 2409 634 2466 retentor.
689 2394 937 2469 Memorantur
954 2403 958 2409 ’
976 2418 1095 2471 autem
1131 2401 1242 2472 Amos
1275 2395 1344 2471 IV.
1386 2391 1581 2479 nonnulla,

365 2484 595 2583 Ephraimitia
618 2504 784 2583 recepta,
816 2489 1018 2585 speciminis
1042 2510 1177 2568 tantum
1198 2493 1313 2580 loco,
1333 2489 1468 2590 legibus
1491 2487 1580 2563 Mo·

363 2583 463 2657 salcis
478 2580 619 2670 similia3
647 2583 815 2660 sacrificia
838 2585 975 2662 scilicet
991 2589 1182 2679 matutina,
1208 2586 1385 2674 decimae,
1409 2579 1581 2656 sacrificia

363 2677 590 2855 ponfeffionir
613 2679 729 2789 {Dm
758 2681 794 2757 h.
819 2705 852 2760 e.
885 2681 959 2760 fine
981 2681 1167 2781 fomento,
1206 2680 1367 2781 denique·
1381 2675 1581 2755 oblationes

318 2804 320 2809 ’
405 2795 585 2852 ontaneae.
838 2840 841 2845 .
1040 2829 1042 2837 -
1153 2832 1155 2836 >
1271 2816 1275 2825 ·

378 2800 441 2968 ps.
466 2871 542 2945 LX.
585 2869 897 2971 Haecueligionir
920 2874 1072 2951 mutatio
1100 2872 1172 2951 suit
1193 2870 1335 2970 quidem
1359 2866 1395 2941 in
1420 2864 1578 2965 speciem

354 2969 511 3065 politica,
530 2964 610 3055 sed,
636 2964 663 3040 si
680 2967 768 3063 Juda
784 2992 923 3065 quoque
939 2970 985 3044 de
1001 2970 1174 3068 religione
1235 2967 1302 3041 tria
1318 2985 1392 3039 non
1408 2961 1583 3041 descivisae:

360 3063 435 3150 set,
467 3083 505 3134 re
532 3085 614 3135 num
637 3062 842 3158 Jeroboami
867 3087 953 3140 mox
984 3067 1023 3140 in
1071 3066 1180 3141 rimor
1205 3062 1228 3080 ''
1270 3057 1576 3162 pessumdedisset,

346 3177 418 3233 aut
442 3084 542 3230 valde
565 3153 683 3232 saltem
708 3157 952 3236 labefamffet.
998 3091 1146 3269 Roiitica
1171 3156 1357 3266 prudentia}
1376 3155 1416 3230 in
1439 3150 1578 3262 coluit

358 3251 443 3341 sata,
470 3250 563 3348 quod
585 3251 753 3350 populus,
779 3275 944 3332 manente
966 3256 1148 3356 religionis
1170 3272 1422 3334 communione
1438 3249 1582 3324 Hiero..

352 3346 515 3449 solymis,
540 3345 644 3423 facile
665 3347 833 3425 adsociati
856 3351 974 3427 denuo
997 3351 1165 3450 ponriss'e't
1211 3348 1319 3439 udae,
1351 3342 1404 3421 uti
1429 3364 1461 3420 c.
1486 3343 1575 3420 XII:

357 3463 417 3541 27.
448 3446 493 3520 ab
517 3440 702 3520 Historieo
735 3444 914 3547 traditum
933 3444 994 3522 est.
1042 3447 1114 3525 Sed
1148 3447 1161 3521 i
1199 3472 1220 3521 e
1253 3443 1462 3554 Jerouoan.
1502 3437 1576 3538 huc

353 3541 494 3614 ratione
525 3536 718 3638 suppressa,
758 3563 876 3615 eoram
907 3542 1041 3638 populo
1073 3562 1212 3619 monam
1234 3536 1349 3629 duxit,
1390 3531 1480 3612 vers.
1507 3541 1571 3618 28.

351 3636 488 3709 mlum
511 3641 600 3742 vobis
624 3642 668 3711 ab
691 3636 907 3734 euisceradmdo
920 3637 1186 3736 iherosolym.
1274 3659 1319 3712 uo
1335 3629 1572 3731 fignificatum

353 3749 429 3806 non
461 3726 596 3818 volart,
638 3728 743 3805 nimis
772 3752 951 3809 remotum
973 3756 1016 3807 ac
1038 3733 1221 3808 molestum
1251 3757 1263 3805 r
1289 3729 1334 3804 ud
1355 3725 1445 3815 else,
1464 3747 1571 3836 ⁸cum

351 3824 441 3902 lraec
471 3821 561 3897 ratio
592 3823 683 3901 tanti
706 3850 779 3901 non
813 3827 921 3920 esset,
961 3851 1031 3903 nec
1053 3829 1178 3905 Bethel
1204 3844 1243 3900 et
1266 3828 1347 3903 Dan
1375 3823 1493 3897 multra
1514 3819 1567 3895 Is·

350 3917 482 3997 melitis
505 3937 603 3993 erant
628 3921 880 4021 propinquiora
903 3927 1001 4015 loca,
1043 3923 1101 3996 sed
1126 3919 1305 4021 sufficere,
1340 3936 1378 3992 et
1420 3920 1485 3991 atis
1510 3918 1570 3994 diu

350 4016 389 4091 id
412 4015 482 4089 esse
507 4012 656 4088 sudiumt
685 4041 802 4114 quem
825 4019 923 4095 usurn
956 4044 1028 4095 vox
1052 4022 1107 4096 :n
1130 4021 1288 4109 multum,
1325 4017 1384 4110 eju
1436 4010 1495 4087 odi
1525 4009 1569 4089 in

347 4109 460 4207 phrasi
489 4132 531 4184 ac
555 4109 753 4202 sbullura,
786 4113 887 4209 saepe
920 4117 1038 4190 habet.
1088 4114 1282 4192 Contendit
1313 4111 1431 4204 itaque
1453 4108 1566 4200 Rex,

346 4203 626 4303 praerogativam
650 4207 743 4281 illam
767 4208 838 4282 loci
872 4209 957 4283 sacri
984 4230 1021 4281 et
1047 4209 1222 4307 religiosa,
1263 4230 1335 4282 non
1361 4204 1431 4280 effe
1453 4201 1567 4300 Judae

344 4300 541 4402 propriam,
559 4300 618 4376 sed
634 4302 753 4376 utrius
769 4327 813 4376 ue
829 4304 931 4398 regni
950 4327 1195 4396 communem,
1213 4322 1333 4397 antea,
1359 4325 1439 4377 cum
1456 4318 1576 4382 unum,

287 4421 294 4436 ·
346 4418 422 4479 erat
446 4420 614 4493 regnum,
640 4399 677 4474 id
702 4327 799 4474 rede
825 4398 926 4474 fuisse
951 4398 1103 4490 sudium,
1127 4402 1186 4476 sed
1203 4422 1318 4487 nunc,
1343 4395 1457 4469 diviso
1480 4393 1564 4485 illo,

343 4500 446 4573 locum
461 4498 726 4668 quoffiecultus
742 4496 880 4591 utrique
894 4495 1165 4571 'concedendurn
1180 4495 1270 4583 elie,
1297 4491 1453 4588 adeoque
1471 4512 1568 4567 nunc

341 4588 509 4673 uns-dn.
580 4593 810 4695 erosolymam
843 4589 966 4671 adiisse
983 4591 1188 4715 'israelitam¹
1211 4586 1500 4698 rraesbuosese
1516 4585 1578 4763 ἐξ.

361 4746 376 4782 e
412 4754 415 4758 ι
919 4722 944 4789 a
973 4726 1001 4768 u
1517 4768 1522 4780 .
