3575 5884
274 1142 351 1241 '364‘
621 1147 1022 1250 lhstorig·Ecclcstttsllta
1041 1152 1087 1229 ¹12.
1117 1152 1155 1225 T.
1251 1216 1255 1224 .

284 1342 467 1427 ¹tempore,
492 1351 561 1425 quo
586 1327 693 1427 Jonas
714 1327 837 1418 ,vnio
852 1329 912 1415 scd
941 1336 987 1416 e't¹
1002 1330 1169 1425 sequente
1178 1366 1193 1420 ,·
1220 1329 1259 1404 in
1280 1331 1408 1429 primis
1430 1352 1500 1423 eo,-

281 1444 355 1591 ffio
385 1424 588 1520 Propheta,
652 1448 720 1498 ona
749 1427 880 1533 major,
920 1424 964 1510 in,
988 1448 1110 1511 eorum
1139 1425 1259 1505 medio
1289 1429 1502 1535 versaretur.

281 1518 675 1721 ,rettulerat
694 1521 1229 1712 etlult‘ttthtat
1242 1521 1505 1724 tarelah

280 1694 431 1793 summus
454 1711 631 1808 Propheta
648 1710 749 1797 ¹irlter
771 1734 832 1785 eos
857 1710 1024 1806 degeret,
1063 1710 1149 1784 sicut
1172 1713 1278 1806 Jonas
1301 1730 1397 1785 mter
1422 1712 1504 1785 Nr·.

280 1802 421 1877 nivitas.
508 1807 577 1879 arod
607 1803 796 1878 Dominus·
811 1803 943 1892 directe
973 1804 1127 1880 intendit
1157 1807 1266 1881 Matr.
1297 1808 1378 1880 XII.
1411 1828 1501 1881 curn

278 1894 315 1985 se
338 1896 473 1995 signum
521 1902 707 1985 udaeorum
730 1901 899 1997 adpellet,
940 1900 1037 1998 quale
1069 1903 1175 1997 Jonas
1206 1900 1275 1985 suit
1304 1899 1494 1976 Ninivita-

277 2015 369 2091 rum.
417 1996 495 2102 Qua
528 1996 664 2071 ratione
695 1996 792 2070 recle
822 1993 972 2086 dicitur,
1012 1995 1196 2069 Ninivitas
1227 1994 1328 2081 luisse
1350 1996 1497 2091 Judaeis

278 2092 459 2189 exemplar
482 2094 620 2181 datum,
644 2090 686 2164 ad
710 2091 823 2189 quod,
847 2090 934 2164 sicut
955 2090 1112 2188 semper,
1143 2088 1193 2163 ita
1215 2113 1260 2163 eo
1278 2089 1497 2186 praesertim

277 2205 464 2283 tempore,
481 2187 601 2262 oculos
616 2185 761 2261 fleoere
778 2187 948 2277 debeant,
996 2210 1042 2260 uo
1057 2185 1219 2278 Meffias,
1236 2184 1389 2258 summus
1402 2186 1494 2259 Pro·

280 2283 414 2385 pheta,
437 2285 528 2379 Jona
542 2282 648 2375 longe
664 2280 915 2368 excellentior,
939 2282 1012 2355 sele
1034 2280 1131 2354 inter
1151 2303 1213 2353 eos
1228 2278 1500 2372 manifestarem.

279 2378 408 2472 absque
431 2395 469 2449 ut
486 2397 589 2543 appas
610 2373 809 2447 vocationis
823 2374 1006 2481 gentium,
1030 2373 1154 2472 spretis
1168 2373 1326 2471 Judaeia,
1351 2373 1501 2454 hic.ad·,-

278 2471 451 2547 mittatur.
537 2492 557 2541 e
582 2489 651 2563 quo
675 2468 711 2541 in
734 2470 835 2544 Sem.
860 2471 989 2555 ettad
1004 2471 1113 2544 Matt.
1136 2471 1233 2564 plura
1246 2468 1402 2566 protuli,
1426 2468 1493 2545 hic

277 2588 354 2645 non
377 2561 429 2637 est
452 2560 579 2661 agendi
601 2563 708 2638 locus.
758 2562 835 2672 Qua
857 2562 995 2639 ratione
1019 2587 1106 2638 vero
1129 2569 1235 2661 Jonas
1257 2562 1385 2639 Christi
1401 2563 1493 2641 ima·

277 2662 399 2774 ginem
420 2656 646 2757 expresserit,
685 2659 778 2755 quod
801 2659 1162 2770 tanquam-publicum
1185 2659 1356 2755 piaculum
1379 2654 1495 2743 suerit

276 2778 427 2838 minare
449 2752 650 2851 conjectus,
673 2752 823 2851 indeque
845 2752 926 2852 post
949 2754 1056 2843 tridui
1070 2751 1378 2855 moramejehus,
1401 2753 1498 2832 alibiv

277 2853 387 2933 etiam
411 2850 448 2924 in
470 2852 580 2939 Serm.
604 2848 778 2924 ad'Matt
802 2849 959 2946 exposui.
1129 2930 1131 2934 ,
1344 2906 1358 2933 ..

323 2946 355 3045 s.
380 2945 524 3020 CLXV.
548 2943 708 3035 AMOS,
724 2944 836 3022 Hebr.
853 2949 951 3031 Μῦν
963 2944 1055 3044 quali
1070 2943 1163 3023 dicat
1174 2948 1273 3039 gravi
1285 2968 1376 3019 onere
1392 2942 1492 3041 pres·

247 3113 251 3120 .
275 3043 352 3132 sus,
376 3058 640 3138 praegravatus,
656 3039 728 3128 hoe
740 3036 872 3128 nomen
886 3064 907 3113 a
921 3041 1122 3138 parentibus
1136 3037 1306 3136 accepisse
1318 3039 1500 3130 videtur,

301 3137 372 3212 uod
396 3136 433 3208 in
456 3157 609 3229 paupere
632 3152 670 3207 et
685 3133 748 3208 vili
771 3135 978 3211 conditione
994 3133 1103 3221 fuerit
1126 3151 1224 3207 natus
1246 3153 1284 3208 et
1299 3132 1491 3224 edamus,

273 3163 340 3327 led
362 3250 401 3306 et
424 3229 462 3319 in
485 3251 530 3301 eo
545 3227 615 3301 suit
636 3229 790 3307 muneris
810 3254 853 3306 ac
875 3230 1027 3305 satorum
1044 3251 1168 3317 omen,
1193 3251 1273 3302 cum
1294 3227 1396 3326 gravi
1410 3226 1495 3316 fueq

218 3402 221 3409 ,
275 3329 326 3411 rit
347 3323 535 3426 prophetia
550 3321 607 3411 in⁴
631 3322 790 3399 Israelem
812 3344 995 3414 oneratus,
1025 3320 1145 3422 gravia
1167 3323 1293 3414 etiam,
1309 3342 1363 3397 -ut
1384 3322 1496 3401 vides

277 3444 357 3515 tur,
388 3425 430 3497 ab
453 3445 498 3513 eo
520 3417 651 3516 pallus,
683 3439 759 3514 cap.
784 3420 870 3508 Vll:
899 3444 954 3496 to.
1002 3421 1165 3494 Parentes
1181 3419 1260 3515 ejus
1283 3417 1361 3492 sunt
1383 3418 1491 3492 srlen·

275 3521 334 3597 tio
357 3516 529 3607 involuti,
566 3513 638 3588 sive
664 3513 757 3610 quod
781 3513 1008 3589 obscuriores·
1022 3513 1175 3600 fuerint,
1207 3513 1279 3586 ssve
1304 3512 1399 3609 quod
1491 3570 1497 3601 ,

273 3666 279 3675 -
304 3611 434 3687 arentis
464 3625 594 3682 nornen
610 3631 682 3681 non
705 3607 867 3683 habuerit
886 3608 1023 3682 neeesse
1046 3604 1186 3682 mahts
1212 3606 1400 3704 distingui,
1421 3535 1498 3682 1lead

272 3638 377 3789 {rcus
400 3701 592 3776 nativitatis
613 3723 824 3778 memoratur
850 3705 975 3792 Telon,
1000 3727 1067 3776 una
1089 3701 1226 3775 urbium
1248 3703 1376 3800 Judae‚
1401 3724 1493 3809 quas

275 3801 482 3887 Rehabeam
511 3795 711 3871 aedificavit
741 3798 1010 3890 21Chron.,XI:
1043 3806 1076 3873 6.
1113 3798 1210 3893 cujus
1239 3799 1292 3870 bis
1321 3795 1492 3872 meminit

311 3890 454 3988 usebiusl
478 3888 516 3965 in
540 3893 668 3967 Onom.
693 3892 731 3965 in
762 3896 883 3983 ἰὶθαιι
914 3911 1078 3990 corrupte
1100 3915 1166 3989 pro
1190 3901 1222 3965 ἐκ
1242 3896 1356 3982 etur,
1386 3909 1425 3963 et
1447 3889 1489 3967 in

338 4021 380 4078 u,
419 4009 489 4082 quo
510 4006 657 4153 utl⁰3⁰e
690 3986 728 4060 in
752 3989 832 4063 loco
862 3990 993 4064 dicitur
1022 3990 1104 4060 urbs
1124 3986 1253 4085 Judae,
1285 3987 1323 4059 in
1345 3985 1489 4061 deserto

278 4089 409 4183 Judne‚
441 4081 534 4175 quod
556 4104 592 4151 m
619 4081 703 4155 ead
729 4083 853 4173 ellatur
873 4086 1028 4180 altaserram
1054 4082 1176 4159 Testae
1206 4081 1376 4156 2Chron.
1400 4080 1489 4156 XX:-

278 4202 339 4257 ao.
387 4174 632 4270 Hierosolyma
654 4176 690 4248 di
741 4177 818 4265 hat,
843 4178 931 4250 teste
953 4176 1122 4269 Eusebio,
1145 4175 1331 4250 duodecim
1353 4171 1487 4250 millia·

277 4274 373 4348 tibus
395 4271 437 4345 ad
462 4271 595 4368 plagam
626 4266 907 4358 meridionalem,
948 4290 985 4344 et
1007 4272 1067 4346 sex
1089 4296 1109 4345 a
1130 4271 1336 4347 Bethlehem
1359 4271 1486 4346 secun·

277 4370 360 4448 dum
384 4366 645 4463 Hieronymum
676 4363 712 4436 in
745 4365 930 4458 prooemio
959 4368 1002 4441 ad
1024 4366 1166 4453 Amos,
1204 4365 1262 4461 qui
1295 4366 1402 4440 etiarn
1427 4390 1486 4440 re·

278 4467 367 4553 lert,
391 4460 498 4534 solum
523 4460 591 4537 elle
615 4457 857 4543 arenosumet
878 4458 1014 4552 sterile,
1037 4460 1099 4534 ubi
1123 4459 1211 4534 nihil
1234 4460 1380 4534 omnino
1405 4458 1482 4537 fru-

276 4565 361 4661 gum
392 4555 569 4658 gignitur,
609 4576 647 4634 et
669 4574 858 4656 propterea
885 4554 1080 4654 pastoribus
1109 4555 1234 4635 ctmcla
1264 4555 1481 4727 ellecplpflna.

1364 4674 1406 4750 yr
1444 4675 1485 4727 ut
