<?xml version="1.0" encoding="UTF-8"?>
<!DOCTYPE html PUBLIC "-//W3C//DTD XHTML 1.0 Transitional//EN"
    "http://www.w3.org/TR/xhtml1/DTD/xhtml1-transitional.dtd">
<html xmlns="http://www.w3.org/1999/xhtml" xml:lang="en" lang="en">
 <head>
  <title>
</title>
<meta http-equiv="Content-Type" content="text/html;charset=utf-8" />
  <meta name='ocr-system' content='tesseract 3.04.00' />
  <meta name='ocr-capabilities' content='ocr_page ocr_carea ocr_par ocr_line ocrx_word'/>
</head>
<body>
  <div class='ocr_page' id='page_1' title='image "./hermannivenemai04venegoog/hermannivenemai04venegoog_0440.png"; bbox 0 0 3575 5884; ppageno 0'>
   <div class='ocr_carea' id='block_1_1' title="bbox 651 897 1491 1023">
    <p class='ocr_par' dir='ltr' id='par_1_1' title="bbox 651 897 1491 1023">
     <span class='ocr_line' id='line_1_1' title="bbox 651 897 1491 1023; baseline 0.03 -31"><span class='ocrx_word' id='word_1_1' title='bbox 651 917 804 996; x_wconf 82' lang='lat' dir='ltr'><strong>Periodus</strong></span> <span class='ocrx_word' id='word_1_2' title='bbox 828 920 947 996; x_wconf 80' lang='lat' dir='ltr'><strong>Serta.</strong></span> <span class='ocrx_word' id='word_1_3' title='bbox 1053 917 1057 924; x_wconf 71' lang='grc'>’</span> <span class='ocrx_word' id='word_1_4' title='bbox 1330 948 1404 1023; x_wconf 65' lang='lat'><strong>433</strong></span> <span class='ocrx_word' id='word_1_5' title='bbox 1486 897 1491 904; x_wconf 58' lang='lat'>‚</span> 
     </span>
    </p>
   </div>
   <div class='ocr_carea' id='block_1_2' title="bbox 165 1086 1459 2648">
    <p class='ocr_par' dir='ltr' id='par_1_2' title="bbox 165 1086 1459 2166">
     <span class='ocr_line' id='line_1_2' title="bbox 168 1086 1404 1200; baseline 0.004 -24"><span class='ocrx_word' id='word_1_6' title='bbox 168 1102 247 1177; x_wconf 85' lang='lat' dir='ltr'><strong>daei</strong></span> <span class='ocrx_word' id='word_1_7' title='bbox 276 1100 316 1175; x_wconf 92' lang='lat' dir='ltr'><strong>in</strong></span> <span class='ocrx_word' id='word_1_8' title='bbox 335 1099 517 1199; x_wconf 78' lang='lat' dir='ltr'><strong>AEgypto</strong></span> <span class='ocrx_word' id='word_1_9' title='bbox 541 1098 695 1193; x_wconf 85' lang='lat' dir='ltr'><strong>fuerint,</strong></span> <span class='ocrx_word' id='word_1_10' title='bbox 721 1086 809 1176; x_wconf 85' lang='lat' dir='ltr'><strong>licut</strong></span> <span class='ocrx_word' id='word_1_11' title='bbox 825 1100 918 1176; x_wconf 90' lang='lat' dir='ltr'><strong>haud</strong></span> <span class='ocrx_word' id='word_1_12' title='bbox 937 1122 1007 1177; x_wconf 90' lang='lat' dir='ltr'><strong>una</strong></span> <span class='ocrx_word' id='word_1_13' title='bbox 1029 1099 1113 1177; x_wconf 86' lang='lat' dir='ltr'><strong>vice</strong></span> <span class='ocrx_word' id='word_1_14' title='bbox 1131 1102 1307 1200; x_wconf 83' lang='lat' dir='ltr'><strong>contigit,</strong></span> <span class='ocrx_word' id='word_1_15' title='bbox 1328 1103 1404 1181; x_wconf 90' lang='lat' dir='ltr'><strong>hoc</strong></span> 
     </span>
     <span class='ocr_line' id='line_1_3' title="bbox 168 1198 1459 1309; baseline 0.004 -36"><span class='ocrx_word' id='word_1_16' title='bbox 168 1214 344 1297; x_wconf 85' lang='lat' dir='ltr'><strong>tempore</strong></span> <span class='ocrx_word' id='word_1_17' title='bbox 372 1222 392 1271; x_wconf 88' lang='lat' dir='ltr'><strong>a</strong></span> <span class='ocrx_word' id='word_1_18' title='bbox 417 1224 523 1299; x_wconf 86' lang='lat' dir='ltr'><strong>rege,</strong></span> <span class='ocrx_word' id='word_1_19' title='bbox 555 1198 694 1273; x_wconf 88' lang='lat' dir='ltr'><strong>ebrioso</strong></span> <span class='ocrx_word' id='word_1_20' title='bbox 719 1222 762 1273; x_wconf 86' lang='lat' dir='ltr'><strong>ac</strong></span> <span class='ocrx_word' id='word_1_21' title='bbox 788 1198 988 1302; x_wconf 82' lang='lat' dir='ltr'><strong>luxurioso,</strong></span> <span class='ocrx_word' id='word_1_22' title='bbox 1005 1201 1069 1273; x_wconf 80' lang='lat' dir='ltr'><strong>ob</strong></span> <span class='ocrx_word' id='word_1_23' title='bbox 1094 1199 1289 1299; x_wconf 71' lang='lat' dir='ltr'><strong>recusatum</strong></span> <span class='ocrx_word' id='word_1_24' title='bbox 1313 1224 1402 1309; x_wconf 81' lang='lat' dir='ltr'><strong>quo-</strong></span> <span class='ocrx_word' id='word_1_25' title='bbox 1456 1273 1459 1284; x_wconf 83' lang='lat'><strong>,</strong></span> 
     </span>
     <span class='ocr_line' id='line_1_4' title="bbox 168 1294 1401 1395; baseline -0.002 -26"><span class='ocrx_word' id='word_1_26' title='bbox 168 1322 241 1395; x_wconf 84' lang='lat' dir='ltr'><strong>que</strong></span> <span class='ocrx_word' id='word_1_27' title='bbox 271 1296 466 1371; x_wconf 89' lang='lat' dir='ltr'><strong>introitum</strong></span> <span class='ocrx_word' id='word_1_28' title='bbox 491 1296 529 1369; x_wconf 93' lang='lat' dir='ltr'><strong>in</strong></span> <span class='ocrx_word' id='word_1_29' title='bbox 555 1294 783 1371; x_wconf 71' lang='lat' dir='ltr'><strong>sanctuarium</strong></span> <span class='ocrx_word' id='word_1_30' title='bbox 798 1294 922 1386; x_wconf 78' lang='lat' dir='ltr'><strong>irato,</strong></span> <span class='ocrx_word' id='word_1_31' title='bbox 946 1295 1102 1387; x_wconf 71' lang='lat' dir='ltr'><strong>adflicti,</strong></span> <span class='ocrx_word' id='word_1_32' title='bbox 1127 1316 1165 1371; x_wconf 85' lang='lat' dir='ltr'><strong>et</strong></span> <span class='ocrx_word' id='word_1_33' title='bbox 1190 1298 1401 1373; x_wconf 82' lang='lat' dir='ltr'><strong>mirabiliter</strong></span> 
     </span>
     <span class='ocr_line' id='line_1_5' title="bbox 167 1389 1406 1499; baseline 0 -34"><span class='ocrx_word' id='word_1_34' title='bbox 167 1391 333 1466; x_wconf 84' lang='lat' dir='ltr'><strong>hberati.</strong></span> <span class='ocrx_word' id='word_1_35' title='bbox 362 1389 490 1499; x_wconf 83' lang='lat' dir='ltr'><strong>·Quod</strong></span> <span class='ocrx_word' id='word_1_36' title='bbox 515 1391 736 1466; x_wconf 80' lang='lat' dir='ltr'><strong>verisrmiliuu</strong></span> <span class='ocrx_word' id='word_1_37' title='bbox 761 1390 804 1465; x_wconf 87' lang='lat' dir='ltr'><strong>fit</strong></span> <span class='ocrx_word' id='word_1_38' title='bbox 833 1411 900 1487; x_wconf 86' lang='lat' dir='ltr'><strong>per</strong></span> <span class='ocrx_word' id='word_1_39' title='bbox 923 1394 1056 1486; x_wconf 84' lang='lat' dir='ltr'><strong>hellum&#39;</strong></span> <span class='ocrx_word' id='word_1_40' title='bbox 1078 1393 1289 1471; x_wconf 77' lang='lat' dir='ltr'><strong>imestimm&#39;</strong></span> <span class='ocrx_word' id='word_1_41' title='bbox 1307 1393 1406 1489; x_wconf 73' lang='lat' dir='ltr'><strong>regis</strong></span> 
     </span>
     <span class='ocr_line' id='line_1_6' title="bbox 168 1484 1403 1589; baseline -0.001 -26"><span class='ocrx_word' id='word_1_42' title='bbox 168 1512 254 1563; x_wconf 87' lang='lat' dir='ltr'><strong>cum</strong></span> <span class='ocrx_word' id='word_1_43' title='bbox 281 1486 488 1589; x_wconf 84' lang='lat' dir='ltr'><strong>A&#39;Egyptiis</strong></span> <span class='ocrx_word' id='word_1_44' title='bbox 509 1488 775 1579; x_wconf 82' lang='lat' dir='ltr'>rebellantibus,</span> <span class='ocrx_word' id='word_1_45' title='bbox 818 1484 974 1563; x_wconf 86' lang='lat' dir='ltr'><strong>inaudita</strong></span> <span class='ocrx_word' id='word_1_46' title='bbox 1010 1490 1217 1567; x_wconf 84' lang='lat' dir='ltr'><strong>crudelitate</strong></span> <span class='ocrx_word' id='word_1_47' title='bbox 1242 1493 1287 1567; x_wconf 87' lang='lat' dir='ltr'><strong>ab</strong></span> <span class='ocrx_word' id='word_1_48' title='bbox 1322 1492 1336 1565; x_wconf 92' lang='lat' dir='ltr'><strong>i</strong></span> <span class='ocrx_word' id='word_1_49' title='bbox 1364 1488 1403 1563; x_wconf 90' lang='lat' dir='ltr'><strong>so</strong></span> 
     </span>
     <span class='ocr_line' id='line_1_7' title="bbox 170 1515 1405 1693; baseline 0.003 -36"><span class='ocrx_word' id='word_1_50' title='bbox 170 1584 335 1685; x_wconf 76' lang='lat' dir='ltr'><strong>gestum,</strong></span> <span class='ocrx_word' id='word_1_51' title='bbox 371 1608 412 1659; x_wconf 87' lang='lat' dir='ltr'><strong>ut</strong></span> <span class='ocrx_word' id='word_1_52' title='bbox 436 1603 535 1685; x_wconf 87' lang='lat' dir='ltr'><strong>patet</strong></span> <span class='ocrx_word' id='word_1_53' title='bbox 560 1610 606 1662; x_wconf 83' lang='lat' dir='ltr'><strong>ex</strong></span> <span class='ocrx_word' id='word_1_54' title='bbox 628 1586 749 1683; x_wconf 83' lang='lat' dir='ltr'>Polyb.</span> <span class='ocrx_word' id='word_1_55' title='bbox 776 1585 814 1658; x_wconf 91' lang='lat' dir='ltr'><strong>in</strong></span> <span class='ocrx_word' id='word_1_56' title='bbox 840 1586 1032 1683; x_wconf 85' lang='lat' dir='ltr'><strong>Excerpt.-</strong></span> <span class='ocrx_word' id='word_1_57' title='bbox 1061 1584 1214 1693; x_wconf 70' lang='lat' dir='ltr'><strong>Valcsri,</strong></span> <span class='ocrx_word' id='word_1_58' title='bbox 1258 1515 1405 1685; x_wconf 54' lang='lat' dir='ltr'><strong>cuihuw</strong></span> 
     </span>
     <span class='ocr_line' id='line_1_8' title="bbox 165 1680 1403 1779; baseline 0.005 -26"><span class='ocrx_word' id='word_1_59' title='bbox 165 1682 251 1755; x_wconf 79' lang='lat' dir='ltr'><strong>daei</strong></span> <span class='ocrx_word' id='word_1_60' title='bbox 288 1704 433 1779; x_wconf 90' lang='lat' dir='ltr'><strong>quoque</strong></span> <span class='ocrx_word' id='word_1_61' title='bbox 466 1680 599 1757; x_wconf 86' lang='lat' dir='ltr'><strong>fuerint</strong></span> <span class='ocrx_word' id='word_1_62' title='bbox 638 1680 804 1779; x_wconf 87' lang='lat' dir='ltr'><strong>inpliciti.</strong></span> <span class='ocrx_word' id='word_1_63' title='bbox 860 1683 1029 1756; x_wconf 86' lang='lat' dir='ltr'><strong>Ceterum</strong></span> <span class='ocrx_word' id='word_1_64' title='bbox 1069 1681 1130 1755; x_wconf 80' lang='lat' dir='ltr'><strong>hic</strong></span> <span class='ocrx_word' id='word_1_65' title='bbox 1169 1683 1243 1779; x_wconf 91' lang='lat' dir='ltr'><strong>ipse</strong></span> <span class='ocrx_word' id='word_1_66' title='bbox 1274 1688 1403 1761; x_wconf 86' lang='lat' dir='ltr'><strong>Simon</strong></span> 
     </span>
     <span class='ocr_line' id='line_1_9' title="bbox 169 1774 1405 1876; baseline 0.005 -25"><span class='ocrx_word' id='word_1_67' title='bbox 169 1780 297 1866; x_wconf 85' lang='lat' dir='ltr'><strong>lidus,</strong></span> <span class='ocrx_word' id='word_1_68' title='bbox 331 1784 381 1850; x_wconf 88' lang='lat' dir='ltr'><strong>et&#39;</strong></span> <span class='ocrx_word' id='word_1_69' title='bbox 400 1800 474 1852; x_wconf 92' lang='lat' dir='ltr'><strong>non</strong></span> <span class='ocrx_word' id='word_1_70' title='bbox 499 1779 607 1867; x_wconf 85' lang='lat' dir='ltr'><strong>lmus,</strong></span> <span class='ocrx_word' id='word_1_71' title='bbox 650 1798 690 1851; x_wconf 91' lang='lat' dir='ltr'><strong>ut</strong></span> <span class='ocrx_word' id='word_1_72' title='bbox 724 1774 899 1853; x_wconf 81' lang='lat' dir='ltr'><strong>nonnullis</strong></span> <span class='ocrx_word' id='word_1_73' title='bbox 928 1778 1096 1867; x_wconf 90' lang='lat' dir='ltr'><strong>videtur,</strong></span> <span class='ocrx_word' id='word_1_74' title='bbox 1130 1776 1201 1867; x_wconf 89' lang='lat' dir='ltr'><strong>est,</strong></span> <span class='ocrx_word' id='word_1_75' title='bbox 1242 1780 1281 1854; x_wconf 90' lang='lat' dir='ltr'><strong>in</strong></span> <span class='ocrx_word' id='word_1_76' title='bbox 1305 1782 1405 1876; x_wconf 70' lang='lat' dir='ltr'><strong>cujus</strong></span> 
     </span>
     <span class='ocr_line' id='line_1_10' title="bbox 171 1872 1405 1971; baseline 0.003 -24"><span class='ocrx_word' id='word_1_77' title='bbox 171 1875 295 1947; x_wconf 83' lang='lat' dir='ltr'><strong>laudes</strong></span> <span class='ocrx_word' id='word_1_78' title='bbox 314 1872 393 1949; x_wconf 89' lang='lat' dir='ltr'><strong>sese</strong></span> <span class='ocrx_word' id='word_1_79' title='bbox 432 1873 560 1953; x_wconf 81' lang='lat' dir='ltr'><strong>effudit</strong></span> <span class='ocrx_word' id='word_1_80' title='bbox 586 1873 759 1949; x_wconf 87' lang='lat' dir='ltr'><strong>Siracides</strong></span> <span class='ocrx_word' id='word_1_81' title='bbox 792 1873 924 1947; x_wconf 89' lang='lat' dir='ltr'><strong>Eccles.</strong></span> <span class='ocrx_word' id='word_1_82' title='bbox 958 1896 1034 1971; x_wconf 90' lang='lat' dir='ltr'><strong>cap.</strong></span> <span class='ocrx_word' id='word_1_83' title='bbox 1070 1875 1113 1947; x_wconf 89' lang='lat' dir='ltr'><strong>L.</strong></span> <span class='ocrx_word' id='word_1_84' title='bbox 1160 1874 1269 1951; x_wconf 84' lang='lat' dir='ltr'><strong>Vixit</strong></span> <span class='ocrx_word' id='word_1_85' title='bbox 1303 1880 1405 1951; x_wconf 85' lang='lat' dir='ltr'><strong>enim</strong></span> 
     </span>
     <span class='ocr_line' id='line_1_11' title="bbox 174 1967 1400 2069; baseline 0.002 -26"><span class='ocrx_word' id='word_1_86' title='bbox 174 1970 278 2067; x_wconf 82' lang='lat' dir='ltr'><strong>Jesus</strong></span> <span class='ocrx_word' id='word_1_87' title='bbox 292 1969 417 2043; x_wconf 87' lang='lat' dir='ltr'><strong>Sirach</strong></span> <span class='ocrx_word' id='word_1_88' title='bbox 444 1970 505 2045; x_wconf 91' lang='lat' dir='ltr'><strong>sub</strong></span> <span class='ocrx_word' id='word_1_89' title='bbox 529 1972 731 2051; x_wconf 84' lang='lat' dir='ltr'><strong>Ptolemaeo</strong></span> <span class='ocrx_word' id='word_1_90' title='bbox 746 1967 950 2069; x_wconf 85' lang='lat' dir='ltr'><strong>Physcone,</strong></span> <span class='ocrx_word' id='word_1_91' title='bbox 976 1990 1014 2044; x_wconf 85' lang='lat' dir='ltr'><strong>et</strong></span> <span class='ocrx_word' id='word_1_92' title='bbox 1039 1994 1144 2063; x_wconf 83' lang='lat' dir='ltr'><strong>avus,</strong></span> <span class='ocrx_word' id='word_1_93' title='bbox 1167 1989 1271 2047; x_wconf 86' lang='lat' dir='ltr'><strong>autor</strong></span> <span class='ocrx_word' id='word_1_94' title='bbox 1295 1972 1400 2069; x_wconf 85' lang='lat' dir='ltr'><strong>libri,</strong></span> 
     </span>
     <span class='ocr_line' id='line_1_12' title="bbox 169 2063 1087 2166; baseline 0 -26"><span class='ocrx_word' id='word_1_95' title='bbox 169 2068 235 2140; x_wconf 85' lang='lat' dir='ltr'><strong>sub</strong></span> <span class='ocrx_word' id='word_1_96' title='bbox 267 2066 472 2140; x_wconf 85' lang='lat' dir='ltr'><strong>Ptolemaeo</strong></span> <span class='ocrx_word' id='word_1_97' title='bbox 495 2066 694 2166; x_wconf 81' lang='lat' dir='ltr'><strong>Epiphane.</strong></span> <span class='ocrx_word' id='word_1_98' title='bbox 741 2063 897 2143; x_wconf 82' lang='lat' dir='ltr'><strong>Praefuit</strong></span> <span class='ocrx_word' id='word_1_99' title='bbox 913 2088 1002 2143; x_wconf 79' lang='lat' dir='ltr'><strong>ann.</strong></span> <span class='ocrx_word' id='word_1_100' title='bbox 1030 2089 1087 2162; x_wconf 86' lang='lat'><strong>23.</strong></span> 
     </span>
    </p>

    <p class='ocr_par' dir='ltr' id='par_1_3' title="bbox 170 2160 1404 2648">
     <span class='ocr_line' id='line_1_13' title="bbox 218 2160 1404 2332; baseline 0.003 -97"><span class='ocrx_word' id='word_1_101' title='bbox 218 2160 255 2273; x_wconf 82' lang='lat'><strong>§.</strong></span> <span class='ocrx_word' id='word_1_102' title='bbox 280 2164 534 2273; x_wconf 77' lang='lat' dir='ltr'><strong>ccccxxix.</strong></span> <span class='ocrx_word' id='word_1_103' title='bbox 579 2162 733 2276; x_wconf 60' lang='lat' dir='ltr'><strong>Excepit</strong></span> <span class='ocrx_word' id='word_1_104' title='bbox 760 2160 872 2332; x_wconf 67' lang='lat' dir='ltr'><strong>ipsum</strong></span> <span class='ocrx_word' id='word_1_105' title='bbox 901 2162 992 2237; x_wconf 87' lang='lat' dir='ltr'><strong>filius</strong></span> <span class='ocrx_word' id='word_1_106' title='bbox 1017 2164 1091 2260; x_wconf 87' lang='lat' dir='ltr'><strong>ejus</strong></span> <span class='ocrx_word' id='word_1_107' title='bbox 1115 2164 1222 2239; x_wconf 83' lang='lat' dir='ltr'><strong>Ouios</strong></span> <span class='ocrx_word' id='word_1_108' title='bbox 1251 2166 1404 2255; x_wconf 83' lang='lat' dir='ltr'><strong>lIltiur‚·&#39;</strong></span> 
     </span>
     <span class='ocr_line' id='line_1_14' title="bbox 172 2256 1402 2466; baseline 0.002 -39"><span class='ocrx_word' id='word_1_109' title='bbox 172 2256 595 2466; x_wconf 42' lang='lat' dir='ltr'><strong>‹clitjsssdhhhhoesthstghl</strong></span> <span class='ocrx_word' id='word_1_110' title='bbox 628 2260 786 2432; x_wconf 56' lang='lat' dir='ltr'><strong>hhhhlaus</strong></span> <span class='ocrx_word' id='word_1_111' title='bbox 816 2354 868 2429; x_wconf 87' lang='lat' dir='ltr'><strong>est</strong></span> <span class='ocrx_word' id='word_1_112' title='bbox 900 2378 1045 2429; x_wconf 89' lang='lat' dir='ltr'><strong>munere</strong></span> <span class='ocrx_word' id='word_1_113' title='bbox 1071 2357 1133 2431; x_wconf 92' lang='lat' dir='ltr'><strong>suo</strong></span> <span class='ocrx_word' id='word_1_114' title='bbox 1148 2360 1335 2465; x_wconf 33' lang='lat' dir='ltr'><strong>&#39;praeclare</strong></span> <span class='ocrx_word' id='word_1_115' title='bbox 1359 2374 1402 2433; x_wconf 88' lang='lat' dir='ltr'><strong>et</strong></span> 
     </span>
     <span class='ocr_line' id='line_1_15' title="bbox 171 2382 1399 2561; baseline 0.005 -36"><span class='ocrx_word' id='word_1_116' title='bbox 171 2449 328 2548; x_wconf 76' lang='lat' dir='ltr'><strong>pacifice</strong></span> <span class='ocrx_word' id='word_1_117' title='bbox 348 2474 415 2561; x_wconf 78' lang='lat' dir='ltr'><strong>per</strong></span> <span class='ocrx_word' id='word_1_118' title='bbox 442 2382 574 2551; x_wconf 76' lang='lat' dir='ltr'><strong>ahquot</strong></span> <span class='ocrx_word' id='word_1_119' title='bbox 595 2476 725 2543; x_wconf 84' lang='lat' dir='ltr'><strong>annos,</strong></span> <span class='ocrx_word' id='word_1_120' title='bbox 750 2450 865 2561; x_wconf 75' lang='lat' dir='ltr'><strong>donec</strong></span> <span class='ocrx_word' id='word_1_121' title='bbox 893 2454 1051 2525; x_wconf 83' lang='lat' dir='ltr'><strong>turbatus</strong></span> <span class='ocrx_word' id='word_1_122' title='bbox 1066 2451 1175 2524; x_wconf 82' lang='lat' dir='ltr'><strong>iuerat</strong></span> <span class='ocrx_word' id='word_1_123' title='bbox 1200 2476 1266 2549; x_wconf 86' lang='lat' dir='ltr'><strong>per</strong></span> <span class='ocrx_word' id='word_1_124' title='bbox 1280 2456 1399 2531; x_wconf 83' lang='lat' dir='ltr'><strong>Seleu·</strong></span> 
     </span>
     <span class='ocr_line' id='line_1_16' title="bbox 170 2546 1398 2648; baseline 0.002 -27"><span class='ocrx_word' id='word_1_125' title='bbox 170 2571 277 2639; x_wconf 90' lang='lat' dir='ltr'><strong>cum,</strong></span> <span class='ocrx_word' id='word_1_126' title='bbox 316 2546 430 2626; x_wconf 80' lang='lat' dir='ltr'><strong>fillum</strong></span> <span class='ocrx_word' id='word_1_127' title='bbox 455 2548 630 2627; x_wconf 86' lang='lat' dir='ltr'><strong>Antiochi</strong></span> <span class='ocrx_word' id='word_1_128' title='bbox 655 2551 734 2637; x_wconf 67' lang='lat' dir='ltr'><strong>M„</strong></span> <span class='ocrx_word' id='word_1_129' title='bbox 775 2565 835 2643; x_wconf 86' lang='lat' dir='ltr'><strong>qur</strong></span> <span class='ocrx_word' id='word_1_130' title='bbox 868 2567 950 2621; x_wconf 91' lang='lat' dir='ltr'><strong>cum</strong></span> <span class='ocrx_word' id='word_1_131' title='bbox 970 2548 1020 2620; x_wconf 79' lang='lat' dir='ltr'><strong>&#39;ab</strong></span> <span class='ocrx_word' id='word_1_132' title='bbox 1046 2546 1263 2645; x_wconf 83' lang='lat' dir='ltr'><strong>Apollonio,</strong></span> <span class='ocrx_word' id='word_1_133' title='bbox 1295 2574 1398 2648; x_wconf 80' lang='lat' dir='ltr'><strong>prae-</strong></span> 
     </span>
    </p>
   </div>
   <div class='ocr_carea' id='block_1_3' title="bbox 813 2258 1530 2361">
    <p class='ocr_par' dir='ltr' id='par_1_4' title="bbox 813 2258 1530 2361">
     <span class='ocr_line' id='line_1_17' title="bbox 813 2258 1530 2361; baseline 0.004 -28"><span class='ocrx_word' id='word_1_134' title='bbox 813 2259 967 2354; x_wconf 87' lang='lat' dir='ltr'><strong>emplum</strong></span> <span class='ocrx_word' id='word_1_135' title='bbox 1002 2258 1041 2337; x_wconf 92' lang='lat' dir='ltr'><strong>iu</strong></span> <span class='ocrx_word' id='word_1_136' title='bbox 1066 2260 1248 2361; x_wconf 83' lang='lat' dir='ltr'><strong>AEgypto</strong></span> <span class='ocrx_word' id='word_1_137' title='bbox 1275 2262 1399 2337; x_wconf 78' lang='lat' dir='ltr'><strong>coruli·</strong></span> <span class='ocrx_word' id='word_1_138' title='bbox 1509 2291 1530 2327; x_wconf 67' lang='lat' dir='ltr'><strong><em>s</em></strong></span> 
     </span>
    </p>
   </div>
   <div class='ocr_carea' id='block_1_4' title="bbox 168 2641 1553 2745">
    <p class='ocr_par' dir='ltr' id='par_1_5' title="bbox 168 2641 1553 2745">
     <span class='ocr_line' id='line_1_18' title="bbox 168 2641 1553 2745; baseline -0.001 -26"><span class='ocrx_word' id='word_1_139' title='bbox 168 2642 272 2719; x_wconf 69' lang='lat' dir='ltr'><strong>sedlo</strong></span> <span class='ocrx_word' id='word_1_140' title='bbox 298 2644 518 2745; x_wconf 73' lang='lat' dir='ltr'><strong>Coelesyriac</strong></span> <span class='ocrx_word' id='word_1_141' title='bbox 552 2661 590 2719; x_wconf 88' lang='lat' dir='ltr'><strong>et</strong></span> <span class='ocrx_word' id='word_1_142' title='bbox 609 2641 828 2721; x_wconf 81' lang='lat' dir='ltr'><strong>&#39;Palaestinae</strong></span> <span class='ocrx_word' id='word_1_143' title='bbox 846 2658 868 2733; x_wconf 63' lang='lat' dir='ltr'><strong>,T</strong></span> <span class='ocrx_word' id='word_1_144' title='bbox 896 2643 957 2720; x_wconf 93' lang='lat' dir='ltr'><strong>cui</strong></span> <span class='ocrx_word' id='word_1_145' title='bbox 982 2641 1066 2719; x_wconf 91' lang='lat' dir='ltr'><strong>illud</strong></span> <span class='ocrx_word' id='word_1_146' title='bbox 1144 2644 1401 2724; x_wconf 63' lang='lat' dir='ltr'><strong>tefecemtm·</strong></span> <span class='ocrx_word' id='word_1_147' title='bbox 1542 2706 1553 2717; x_wconf 87' lang='lat'><strong>.</strong></span> 
     </span>
    </p>
   </div>
   <div class='ocr_carea' id='block_1_5' title="bbox 164 2738 1409 4569">
    <p class='ocr_par' dir='ltr' id='par_1_6' title="bbox 164 2738 1400 4482">
     <span class='ocr_line' id='line_1_19' title="bbox 166 2738 1400 2860; baseline 0.007 -48"><span class='ocrx_word' id='word_1_148' title='bbox 166 2762 265 2851; x_wconf 77' lang='lat' dir='ltr'><strong>mon</strong></span> <span class='ocrx_word' id='word_1_149' title='bbox 294 2738 417 2849; x_wconf 59' lang='lat' dir='ltr'><strong>aliquia</strong></span> <span class='ocrx_word' id='word_1_150' title='bbox 444 2740 706 2852; x_wconf 78' lang='lat' dir='ltr'><strong>Benjaminita,</strong></span> <span class='ocrx_word' id='word_1_151' title='bbox 744 2738 943 2837; x_wconf 67' lang='lat' dir='ltr'><strong>praefectus</strong></span> <span class='ocrx_word' id='word_1_152' title='bbox 975 2741 1121 2837; x_wconf 89' lang='lat' dir='ltr'><strong>Tempi</strong></span> <span class='ocrx_word' id='word_1_153' title='bbox 1155 2742 1214 2817; x_wconf 84' lang='lat' dir='ltr'><strong>vel</strong></span> <span class='ocrx_word' id='word_1_154' title='bbox 1238 2742 1400 2860; x_wconf 68' lang='lat' dir='ltr'><strong>thesauri</strong></span> 
     </span>
     <span class='ocr_line' id='line_1_20' title="bbox 168 2834 1399 3043; baseline 0.006 -36"><span class='ocrx_word' id='word_1_155' title='bbox 168 2834 468 3023; x_wconf 43' lang='lat' dir='ltr'><strong>missili?</strong></span> <span class='ocrx_word' id='word_1_156' title='bbox 491 2836 998 3043; x_wconf 53' lang='lat' dir='ltr'><strong>isillefiffuhgiiligh</strong></span> <span class='ocrx_word' id='word_1_157' title='bbox 1012 2835 1399 3032; x_wconf 48' lang='lat' dir='ltr'><strong>suffitu</strong></span> 
     </span>
     <span class='ocr_line' id='line_1_21' title="bbox 166 3026 1400 3131; baseline 0.007 -30"><span class='ocrx_word' id='word_1_158' title='bbox 166 3026 357 3103; x_wconf 81' lang='lat' dir='ltr'><strong>thesauros</strong></span> <span class='ocrx_word' id='word_1_159' title='bbox 377 3029 502 3105; x_wconf 84' lang='lat' dir='ltr'><strong>nullius</strong></span> <span class='ocrx_word' id='word_1_160' title='bbox 525 3031 623 3122; x_wconf 83' lang='lat' dir='ltr'><strong>usus,</strong></span> <span class='ocrx_word' id='word_1_161' title='bbox 656 3056 701 3107; x_wconf 89' lang='lat' dir='ltr'><strong>eo</strong></span> <span class='ocrx_word' id='word_1_162' title='bbox 725 3028 819 3103; x_wconf 87' lang='lat' dir='ltr'><strong>mrsrt</strong></span> <span class='ocrx_word' id='word_1_163' title='bbox 846 3030 905 3103; x_wconf 83' lang='lat' dir='ltr'><strong>vel</strong></span> <span class='ocrx_word' id='word_1_164' title='bbox 930 3028 1161 3128; x_wconf 83' lang='lat' dir='ltr'><strong>Apollonium</strong></span> <span class='ocrx_word' id='word_1_165' title='bbox 1185 3030 1322 3131; x_wconf 91' lang='lat' dir='ltr'><strong>ipsum,</strong></span> <span class='ocrx_word' id='word_1_166' title='bbox 1354 3054 1400 3111; x_wconf 84' lang='lat' dir='ltr'><strong>ut</strong></span> 
     </span>
     <span class='ocr_line' id='line_1_22' title="bbox 172 3123 1395 3223; baseline 0.004 -25"><span class='ocrx_word' id='word_1_167' title='bbox 172 3123 246 3223; x_wconf 74' lang='lat' dir='ltr'><strong>Jos.</strong></span> <span class='ocrx_word' id='word_1_168' title='bbox 273 3126 331 3199; x_wconf 93' lang='lat' dir='ltr'><strong>vel</strong></span> <span class='ocrx_word' id='word_1_169' title='bbox 362 3144 468 3200; x_wconf 85' lang='lat' dir='ltr'><strong>autor</strong></span> <span class='ocrx_word' id='word_1_170' title='bbox 492 3126 573 3202; x_wconf 91' lang='lat' dir='ltr'><strong>libri</strong></span> <span class='ocrx_word' id='word_1_171' title='bbox 598 3129 643 3203; x_wconf 91' lang='lat' dir='ltr'><strong>de</strong></span> <span class='ocrx_word' id='word_1_172' title='bbox 667 3126 831 3203; x_wconf 86' lang='lat' dir='ltr'><strong>Maccab.</strong></span> <span class='ocrx_word' id='word_1_173' title='bbox 856 3140 891 3199; x_wconf 76' lang='lat' dir='ltr'><strong>c:</strong></span> <span class='ocrx_word' id='word_1_174' title='bbox 918 3148 953 3217; x_wconf 57' lang='grc' dir='ltr'><strong>4κ</strong></span> <span class='ocrx_word' id='word_1_175' title='bbox 978 3124 1107 3223; x_wconf 76' lang='lat' dir='ltr'><strong>tradit,</strong></span> <span class='ocrx_word' id='word_1_176' title='bbox 1132 3128 1190 3202; x_wconf 86' lang='lat' dir='ltr'><strong>vel</strong></span> <span class='ocrx_word' id='word_1_177' title='bbox 1216 3128 1395 3203; x_wconf 88' lang='lat' dir='ltr'><strong>Heliodo-</strong></span> 
     </span>
     <span class='ocr_line' id='line_1_23' title="bbox 167 3221 1397 3321; baseline 0.005 -28"><span class='ocrx_word' id='word_1_178' title='bbox 167 3241 248 3294; x_wconf 86' lang='lat' dir='ltr'><strong>rum</strong></span> <span class='ocrx_word' id='word_1_179' title='bbox 272 3221 543 3315; x_wconf 85' lang='lat' dir='ltr'><strong>thesaurarium,</strong></span> <span class='ocrx_word' id='word_1_180' title='bbox 570 3242 610 3299; x_wconf 92' lang='lat' dir='ltr'><strong>ut</strong></span> <span class='ocrx_word' id='word_1_181' title='bbox 636 3225 784 3299; x_wconf 82' lang='lat' dir='ltr'><strong>aMacc.</strong></span> <span class='ocrx_word' id='word_1_182' title='bbox 811 3222 876 3298; x_wconf 90' lang='lat'><strong>111.</strong></span> <span class='ocrx_word' id='word_1_183' title='bbox 901 3222 1070 3312; x_wconf 88' lang='lat' dir='ltr'><strong>habetur,</strong></span> <span class='ocrx_word' id='word_1_184' title='bbox 1093 3223 1137 3297; x_wconf 89' lang='lat' dir='ltr'><strong>ad</strong></span> <span class='ocrx_word' id='word_1_185' title='bbox 1153 3222 1321 3321; x_wconf 76' lang='lat' dir='ltr'><strong>pecunias</strong></span> <span class='ocrx_word' id='word_1_186' title='bbox 1337 3246 1397 3299; x_wconf 80' lang='lat' dir='ltr'><strong>ear</strong></span> 
     </span>
     <span class='ocr_line' id='line_1_24' title="bbox 167 3316 1398 3420; baseline -0.001 -29"><span class='ocrx_word' id='word_1_187' title='bbox 167 3316 385 3413; x_wconf 78' lang='lat' dir='ltr'><strong>spoliandas:</strong></span> <span class='ocrx_word' id='word_1_188' title='bbox 411 3318 469 3395; x_wconf 88' lang='lat' dir='ltr'><strong>sed</strong></span> <span class='ocrx_word' id='word_1_189' title='bbox 494 3320 587 3419; x_wconf 93' lang='lat' dir='ltr'><strong>quod</strong></span> <span class='ocrx_word' id='word_1_190' title='bbox 613 3318 677 3420; x_wconf 91' lang='lat' dir='ltr'><strong>ipsr</strong></span> <span class='ocrx_word' id='word_1_191' title='bbox 703 3320 793 3393; x_wconf 87' lang='lat' dir='ltr'><strong>male</strong></span> <span class='ocrx_word' id='word_1_192' title='bbox 819 3318 937 3410; x_wconf 88' lang='lat' dir='ltr'><strong>ccffit,</strong></span> <span class='ocrx_word' id='word_1_193' title='bbox 963 3321 1005 3395; x_wconf 87' lang='lat' dir='ltr'><strong>ab</strong></span> <span class='ocrx_word' id='word_1_194' title='bbox 1031 3317 1124 3392; x_wconf 88' lang='lat' dir='ltr'><strong>Onia</strong></span> <span class='ocrx_word' id='word_1_195' title='bbox 1150 3318 1249 3391; x_wconf 89' lang='lat' dir='ltr'><strong>enim</strong></span> <span class='ocrx_word' id='word_1_196' title='bbox 1270 3316 1398 3399; x_wconf 72' lang='lat' dir='ltr'><strong>fruslsa</strong></span> 
     </span>
     <span class='ocr_line' id='line_1_25' title="bbox 166 3412 1397 3518; baseline 0.006 -31"><span class='ocrx_word' id='word_1_197' title='bbox 166 3414 384 3505; x_wconf 83' lang='lat' dir='ltr'><strong>deterritus,</strong></span> <span class='ocrx_word' id='word_1_198' title='bbox 419 3434 458 3489; x_wconf 90' lang='lat' dir='ltr'><strong>et</strong></span> <span class='ocrx_word' id='word_1_199' title='bbox 481 3420 519 3491; x_wconf 88' lang='lat' dir='ltr'><strong>in</strong></span> <span class='ocrx_word' id='word_1_200' title='bbox 545 3418 745 3518; x_wconf 90' lang='lat' dir='ltr'><strong>Templum.</strong></span> <span class='ocrx_word' id='word_1_201' title='bbox 760 3413 979 3511; x_wconf 74' lang='lat' dir='ltr'><strong>irrumpens,</strong></span> <span class='ocrx_word' id='word_1_202' title='bbox 1021 3412 1158 3489; x_wconf 78' lang='lat' dir='ltr'><strong>visione</strong></span> <span class='ocrx_word' id='word_1_203' title='bbox 1182 3412 1327 3490; x_wconf 88' lang='lat' dir='ltr'><strong>coelesti</strong></span> <span class='ocrx_word' id='word_1_204' title='bbox 1356 3438 1397 3495; x_wconf 92' lang='lat' dir='ltr'><strong>et</strong></span> 
     </span>
     <span class='ocr_line' id='line_1_26' title="bbox 165 3506 1398 3621; baseline 0.006 -38"><span class='ocrx_word' id='word_1_205' title='bbox 165 3508 319 3585; x_wconf 83' lang='lat' dir='ltr'><strong>ostentis</strong></span> <span class='ocrx_word' id='word_1_206' title='bbox 345 3530 484 3587; x_wconf 87' lang='lat' dir='ltr'><strong>terrore</strong></span> <span class='ocrx_word' id='word_1_207' title='bbox 505 3534 706 3611; x_wconf 87' lang='lat' dir='ltr'><strong>correptus,</strong></span> <span class='ocrx_word' id='word_1_208' title='bbox 733 3530 770 3585; x_wconf 86' lang='lat' dir='ltr'><strong>et</strong></span> <span class='ocrx_word' id='word_1_209' title='bbox 789 3510 887 3585; x_wconf 91' lang='lat' dir='ltr'><strong>humi</strong></span> <span class='ocrx_word' id='word_1_210' title='bbox 912 3506 1126 3621; x_wconf 86' lang='lat' dir='ltr'><strong>prostratus,</strong></span> <span class='ocrx_word' id='word_1_211' title='bbox 1152 3533 1194 3586; x_wconf 89' lang='lat' dir='ltr'><strong>ac</strong></span> <span class='ocrx_word' id='word_1_212' title='bbox 1212 3534 1278 3608; x_wconf 91' lang='lat' dir='ltr'><strong>pro</strong></span> <span class='ocrx_word' id='word_1_213' title='bbox 1299 3537 1398 3590; x_wconf 89' lang='lat' dir='ltr'><strong>mor·</strong></span> 
     </span>
     <span class='ocr_line' id='line_1_27' title="bbox 166 3606 1398 3705; baseline 0.006 -26"><span class='ocrx_word' id='word_1_214' title='bbox 166 3624 228 3681; x_wconf 89' lang='lat' dir='ltr'><strong>tuo</strong></span> <span class='ocrx_word' id='word_1_215' title='bbox 258 3608 391 3681; x_wconf 88' lang='lat' dir='ltr'><strong>ablatus</strong></span> <span class='ocrx_word' id='word_1_216' title='bbox 419 3606 490 3700; x_wconf 90' lang='lat' dir='ltr'><strong>est,</strong></span> <span class='ocrx_word' id='word_1_217' title='bbox 514 3609 572 3683; x_wconf 85' lang='lat' dir='ltr'><strong>sed</strong></span> <span class='ocrx_word' id='word_1_218' title='bbox 599 3606 793 3685; x_wconf 90' lang='lat' dir='ltr'><strong>valetudini</strong></span> <span class='ocrx_word' id='word_1_219' title='bbox 822 3607 986 3705; x_wconf 72' lang='lat' dir='ltr'><strong>precibus</strong></span> <span class='ocrx_word' id='word_1_220' title='bbox 1009 3607 1125 3682; x_wconf 90' lang='lat' dir='ltr'><strong>Ouiae</strong></span> <span class='ocrx_word' id='word_1_221' title='bbox 1150 3606 1325 3701; x_wconf 86' lang='lat' dir='ltr'><strong>redditus,</strong></span> <span class='ocrx_word' id='word_1_222' title='bbox 1350 3612 1398 3688; x_wconf 89' lang='lat' dir='ltr'><strong>ad</strong></span> 
     </span>
     <span class='ocr_line' id='line_1_28' title="bbox 165 3700 1396 3803; baseline 0.005 -27"><span class='ocrx_word' id='word_1_223' title='bbox 165 3700 312 3801; x_wconf 86' lang='lat' dir='ltr'><strong>Regem</strong></span> <span class='ocrx_word' id='word_1_224' title='bbox 330 3726 464 3779; x_wconf 84' lang='lat' dir='ltr'><strong>vacuus</strong></span> <span class='ocrx_word' id='word_1_225' title='bbox 488 3706 615 3797; x_wconf 88' lang='lat' dir='ltr'><strong>rediit,</strong></span> <span class='ocrx_word' id='word_1_226' title='bbox 640 3726 678 3783; x_wconf 91' lang='lat' dir='ltr'><strong>et</strong></span> <span class='ocrx_word' id='word_1_227' title='bbox 698 3704 809 3781; x_wconf 88' lang='lat' dir='ltr'><strong>satum</strong></span> <span class='ocrx_word' id='word_1_228' title='bbox 827 3703 924 3777; x_wconf 92' lang='lat' dir='ltr'><strong>suum</strong></span> <span class='ocrx_word' id='word_1_229' title='bbox 950 3702 1094 3791; x_wconf 89' lang='lat' dir='ltr'><strong>retulit;</strong></span> <span class='ocrx_word' id='word_1_230' title='bbox 1120 3702 1226 3779; x_wconf 91' lang='lat' dir='ltr'><strong>alium</strong></span> <span class='ocrx_word' id='word_1_231' title='bbox 1252 3730 1396 3803; x_wconf 87' lang='lat' dir='ltr'><strong>quoque</strong></span> 
     </span>
     <span class='ocr_line' id='line_1_29' title="bbox 164 3798 1394 3901; baseline 0 -28"><span class='ocrx_word' id='word_1_232' title='bbox 164 3800 316 3873; x_wconf 88' lang='lat' dir='ltr'><strong>mittere</strong></span> <span class='ocrx_word' id='word_1_233' title='bbox 338 3798 487 3875; x_wconf 83' lang='lat' dir='ltr'><strong>dissuasit</strong></span> <span class='ocrx_word' id='word_1_234' title='bbox 511 3802 608 3901; x_wconf 85' lang='lat' dir='ltr'><strong>regi,</strong></span> <span class='ocrx_word' id='word_1_235' title='bbox 642 3800 706 3877; x_wconf 87' lang='lat' dir='ltr'><strong>nili</strong></span> <span class='ocrx_word' id='word_1_236' title='bbox 730 3824 811 3876; x_wconf 91' lang='lat' dir='ltr'><strong>eum</strong></span> <span class='ocrx_word' id='word_1_237' title='bbox 837 3798 1017 3896; x_wconf 88' lang='lat' dir='ltr'><strong>perditum</strong></span> <span class='ocrx_word' id='word_1_238' title='bbox 1041 3798 1141 3876; x_wconf 87' lang='lat' dir='ltr'><strong>velit.</strong></span> <span class='ocrx_word' id='word_1_239' title='bbox 1188 3800 1311 3876; x_wconf 86' lang='lat' dir='ltr'><strong>Simon</strong></span> <span class='ocrx_word' id='word_1_240' title='bbox 1327 3827 1394 3875; x_wconf 89' lang='lat' dir='ltr'><strong>vo·</strong></span> 
     </span>
     <span class='ocr_line' id='line_1_30' title="bbox 166 3893 1396 3994; baseline 0.004 -26"><span class='ocrx_word' id='word_1_241' title='bbox 166 3912 289 3969; x_wconf 89' lang='lat' dir='ltr'><strong>torum</strong></span> <span class='ocrx_word' id='word_1_242' title='bbox 314 3918 461 3994; x_wconf 88' lang='lat' dir='ltr'><strong>compos</strong></span> <span class='ocrx_word' id='word_1_243' title='bbox 487 3922 558 3975; x_wconf 91' lang='lat' dir='ltr'><strong>non</strong></span> <span class='ocrx_word' id='word_1_244' title='bbox 579 3898 709 3989; x_wconf 68' lang='lat' dir='ltr'><strong>fastus,</strong></span> <span class='ocrx_word' id='word_1_245' title='bbox 735 3893 889 3971; x_wconf 85' lang='lat' dir='ltr'><strong>traduxit</strong></span> <span class='ocrx_word' id='word_1_246' title='bbox 916 3894 1029 3993; x_wconf 90' lang='lat' dir='ltr'><strong>ipsum</strong></span> <span class='ocrx_word' id='word_1_247' title='bbox 1054 3895 1203 3988; x_wconf 89' lang='lat' dir='ltr'><strong>Oniam,</strong></span> <span class='ocrx_word' id='word_1_248' title='bbox 1230 3917 1396 3991; x_wconf 79' lang='lat' dir='ltr'><strong>tanquam</strong></span> 
     </span>
     <span class='ocr_line' id='line_1_31' title="bbox 167 3990 1397 4089; baseline 0.007 -24"><span class='ocrx_word' id='word_1_249' title='bbox 167 3992 231 4089; x_wconf 92' lang='lat' dir='ltr'><strong>qui</strong></span> <span class='ocrx_word' id='word_1_250' title='bbox 251 3992 436 4067; x_wconf 89' lang='lat' dir='ltr'><strong>Seleucum</strong></span> <span class='ocrx_word' id='word_1_251' title='bbox 462 3995 558 4069; x_wconf 90' lang='lat' dir='ltr'><strong>adid</strong></span> <span class='ocrx_word' id='word_1_252' title='bbox 582 3994 814 4085; x_wconf 84' lang='lat' dir='ltr'><strong>incitaverat,</strong></span> <span class='ocrx_word' id='word_1_253' title='bbox 839 3990 937 4067; x_wconf 83' lang='lat' dir='ltr'><strong>fimul</strong></span> <span class='ocrx_word' id='word_1_254' title='bbox 955 3992 1148 4073; x_wconf 71' lang='lat' dir='ltr'><strong>fallionem</strong></span> <span class='ocrx_word' id='word_1_255' title='bbox 1170 4012 1397 4073; x_wconf 76' lang='lat' dir='ltr'><strong>contraeunt</strong></span> 
     </span>
     <span class='ocr_line' id='line_1_32' title="bbox 170 4087 1396 4204; baseline 0.003 -42"><span class='ocrx_word' id='word_1_256' title='bbox 170 4087 362 4167; x_wconf 82' lang='lat' dir='ltr'><strong>incitavit:</strong></span> <span class='ocrx_word' id='word_1_257' title='bbox 387 4112 457 4189; x_wconf 89' lang='lat' dir='ltr'><strong>quo</strong></span> <span class='ocrx_word' id='word_1_258' title='bbox 482 4092 591 4168; x_wconf 87' lang='lat' dir='ltr'><strong>Onias</strong></span> <span class='ocrx_word' id='word_1_259' title='bbox 615 4110 750 4181; x_wconf 88' lang='lat' dir='ltr'><strong>motus,</strong></span> <span class='ocrx_word' id='word_1_260' title='bbox 774 4089 888 4204; x_wconf 88' lang='lat' dir='ltr'><strong>ipsum</strong></span> <span class='ocrx_word' id='word_1_261' title='bbox 915 4088 1004 4165; x_wconf 90' lang='lat' dir='ltr'><strong>adiit</strong></span> <span class='ocrx_word' id='word_1_262' title='bbox 1022 4090 1225 4177; x_wconf 88' lang='lat' dir='ltr'><strong>Seleucum,</strong></span> <span class='ocrx_word' id='word_1_263' title='bbox 1249 4110 1396 4187; x_wconf 84' lang='lat' dir='ltr'><strong>remque</strong></span> 
     </span>
     <span class='ocr_line' id='line_1_33' title="bbox 170 4182 1394 4283; baseline 0.004 -27"><span class='ocrx_word' id='word_1_264' title='bbox 170 4208 221 4256; x_wconf 88' lang='lat' dir='ltr'><strong>eo</strong></span> <span class='ocrx_word' id='word_1_265' title='bbox 244 4182 385 4283; x_wconf 87' lang='lat' dir='ltr'><strong>adegit,</strong></span> <span class='ocrx_word' id='word_1_266' title='bbox 425 4206 465 4262; x_wconf 91' lang='lat' dir='ltr'><strong>ut</strong></span> <span class='ocrx_word' id='word_1_267' title='bbox 494 4188 629 4263; x_wconf 91' lang='lat' dir='ltr'><strong>Simom</strong></span> <span class='ocrx_word' id='word_1_268' title='bbox 653 4187 763 4263; x_wconf 88' lang='lat' dir='ltr'><strong>fuerit</strong></span> <span class='ocrx_word' id='word_1_269' title='bbox 794 4211 832 4263; x_wconf 85' lang='grc' dir='ltr'><strong>ιιι</strong></span> <span class='ocrx_word' id='word_1_270' title='bbox 857 4186 1004 4262; x_wconf 77' lang='lat' dir='ltr'><strong>exilium</strong></span> <span class='ocrx_word' id='word_1_271' title='bbox 1028 4185 1146 4270; x_wconf 76' lang='lat' dir='ltr'><strong>auus,</strong></span> <span class='ocrx_word' id='word_1_272' title='bbox 1183 4199 1224 4255; x_wconf 92' lang='lat' dir='ltr'><strong>ut</strong></span> <span class='ocrx_word' id='word_1_273' title='bbox 1248 4184 1328 4261; x_wconf 84' lang='lat' dir='ltr'><strong>Eus.</strong></span> <span class='ocrx_word' id='word_1_274' title='bbox 1353 4183 1394 4261; x_wconf 85' lang='lat' dir='ltr'><strong>iu</strong></span> 
     </span>
     <span class='ocr_line' id='line_1_34' title="bbox 170 4278 1394 4384; baseline 0 -33"><span class='ocrx_word' id='word_1_275' title='bbox 170 4280 308 4353; x_wconf 76' lang='lat' dir='ltr'><strong>chron.</strong></span> <span class='ocrx_word' id='word_1_276' title='bbox 325 4282 446 4358; x_wconf 87' lang='lat' dir='ltr'><strong>refert.</strong></span> <span class='ocrx_word' id='word_1_277' title='bbox 493 4284 694 4381; x_wconf 88' lang='lat' dir='ltr'><strong>Deinceps,</strong></span> <span class='ocrx_word' id='word_1_278' title='bbox 714 4284 901 4359; x_wconf 88' lang='lat' dir='ltr'><strong>Antiocho</strong></span> <span class='ocrx_word' id='word_1_279' title='bbox 917 4282 1101 4380; x_wconf 86' lang='lat' dir='ltr'><strong>Epiphane</strong></span> <span class='ocrx_word' id='word_1_280' title='bbox 1118 4298 1308 4384; x_wconf 72' lang='lat' dir='ltr'><strong>regnante,</strong></span> <span class='ocrx_word' id='word_1_281' title='bbox 1327 4278 1394 4353; x_wconf 84' lang='lat' dir='ltr'><strong>sra-</strong></span> 
     </span>
     <span class='ocr_line' id='line_1_35' title="bbox 173 4374 1399 4482; baseline 0.001 -32"><span class='ocrx_word' id='word_1_282' title='bbox 173 4392 237 4450; x_wconf 86' lang='lat' dir='ltr'><strong>ter</strong></span> <span class='ocrx_word' id='word_1_283' title='bbox 264 4374 386 4471; x_wconf 86' lang='lat' dir='ltr'><strong>ipfius,</strong></span> <span class='ocrx_word' id='word_1_284' title='bbox 429 4380 527 4479; x_wconf 80' lang='lat' dir='ltr'><strong>Jesut</strong></span> <span class='ocrx_word' id='word_1_285' title='bbox 550 4381 703 4481; x_wconf 90' lang='lat' dir='ltr'><strong>primum</strong></span> <span class='ocrx_word' id='word_1_286' title='bbox 728 4380 813 4455; x_wconf 88' lang='lat' dir='ltr'><strong>dein</strong></span> <span class='ocrx_word' id='word_1_287' title='bbox 843 4382 953 4477; x_wconf 75' lang='lat' dir='ltr'><strong>Jason.</strong></span> <span class='ocrx_word' id='word_1_288' title='bbox 971 4374 1104 4473; x_wconf 69' lang='grc' dir='ltr'>ᾤὲὶιιε,</span> <span class='ocrx_word' id='word_1_289' title='bbox 1134 4395 1175 4447; x_wconf 80' lang='lat' dir='ltr'><strong>in</strong></span> <span class='ocrx_word' id='word_1_290' title='bbox 1198 4374 1325 4451; x_wconf 77' lang='lat' dir='ltr'><strong>Ouium</strong></span> <span class='ocrx_word' id='word_1_291' title='bbox 1345 4377 1399 4482; x_wconf 77' lang='lat' dir='ltr'><strong>iu-</strong></span> 
     </span>
    </p>

    <p class='ocr_par' dir='ltr' id='par_1_7' title="bbox 217 4466 1409 4569">
     <span class='ocr_line' id='line_1_36' title="bbox 217 4466 1409 4569; baseline 0.003 -20"><span class='ocrx_word' id='word_1_292' title='bbox 217 4470 314 4553; x_wconf 77' lang='lat' dir='ltr'><strong>Tam.</strong></span> <span class='ocrx_word' id='word_1_293' title='bbox 339 4476 387 4553; x_wconf 87' lang='grc' dir='ltr'><strong>ΙΙ</strong></span> <span class='ocrx_word' id='word_1_294' title='bbox 765 4473 827 4552; x_wconf 86' lang='lat' dir='ltr'><strong>lii</strong></span> <span class='ocrx_word' id='word_1_295' title='bbox 1234 4466 1409 4569; x_wconf 66' lang='lat' dir='ltr'><strong>surrexit,</strong></span> 
     </span>
    </p>
   </div>
   <div class='ocr_carea' id='block_1_6' title="bbox 0 0 1792 5884">
    <p class='ocr_par' dir='ltr' id='par_1_8' title="bbox 0 0 1792 5884">
     <span class='ocr_line' id='line_1_37' title="bbox 0 0 1792 5884; baseline 0 0"><span class='ocrx_word' id='word_1_296' title='bbox 0 0 1792 5884; x_wconf 95' lang='lat' dir='ltr'><strong> </strong></span> 
     </span>
    </p>
   </div>
  </div>
 </body>
</html>
