3575 5884
298 1048 375 1169 dos
424 1144 427 1149 .
707 1032 710 1037 Ι
750 1079 922 1183 lustratae
935 1066 1087 1159 'trimam

298 1244 426 1349 lonen'l¹
444 1250 583 1342 devicit
600 1260 762 1352 Parthos,
788 1283 826 1338 et
851 1286 917 1361 per
942 1265 991 1339 Pl.
1019 1262 1275 1363 Vespasianum
1295 1265 1504 1366 Judae0s3'rt

298 1354 401 1463 supra
426 1384 599 1439 narratum
624 1359 684 1434 est
732 1362 880 1434 Exitum
909 1384 1050 1458 quoque
1073 1363 1199 1437 habuit
1216 1366 1404 1440 sceleribus
1418 1387 1450 1439 et
1464 1365 1503 1441 vi«

299 1465 361 1537 tiis
386 1482 589 1558 congruum.
636 1459 726 1529 Cum
753 1457 850 1529 enim
878 1457 1075 1531 militesab
1100 1458 1178 1556 ipso
1203 1461 1420 1552 deficerent,
1441 1462 1506 1535 Gal·

299 1560 345 1633 b'a
369 1576 491 1632 contra
518 1553 632 1650 ipsum
656 1574 841 1644 moveret,
867 1552 943 1650 ipse
961 1556 1128 1645 Senatus,
1153 1578 1260 1651 quern
1280 1558 1442 1631 occidere
1456 1581 1507 1631 vo·

298 1646 411 1741 lebat,
444 1650 556 1745 ipsum
581 1648 961 1738 declararet'hostem,
995 1648 1090 1763 ipse,
1122 1645 1206 1749 suga
1231 1653 1296 1725 srbi
1321 1655 1512 1741 consulens,

299 1742 360 1825 sed
378 1746 484 1819 malae
509 1744 751 1819 conscientiae
771 1745 873 1819 furiis
886 1744 1065 1842 agitans,
1117 1748 1209 1820 ladio
1229 1748 1294 1821 srbi
1312 1751 1424 1824 vitam
1440 1751 1517 1823 ade⁴

295 1843 385 1940 ruit3
411 1862 493 1913 cum
537 1840 713 1914 raesuillet
731 1865 890 1936 annsrg.
919 1843 975 1915 M.
996 1864 1029 1934 7.
1120 1844 1235 1916 uando
1264 1844 1525 1942 extindlapto·.

321 1939 403 2011 enie
437 1865 602 2031 Caesarea
635 1959 783 2035 regnum
816 1936 853 2010 in
888 1937 1094 2012 horribilem
1113 1938 1333 2035 'conjestum
1357 1942 1409 2015 est
1435 1964 1520 2015 con·

293 1963 490 2127 sobonem,
511 2030 627 2107 dum.
649 2030 739 2105 varii
772 2031 903 2106 suerint
937 2035 1054 2107 exorti
1090 2036 1345 2131 Imperatores,
1368 2104 1372 2111 .
1391 2039 1514 2128 Galba,

293 2130 398 2231 §tiro
425 2150 463 2203 et
490 2121 806 2221 Vitellius,'brevi
832 2150 854 2201 e
878 2124 999 2201 medio
1023 2128 1172 2221 sublati,
1197 2131 1315 2204 donec
1340 2130 1514 2210 ſtrenuum

293 2226 437 2325 accepit
469 2228 712 2323 inperatorem
752 2227 801 2298 Fl.
818 2224 1112 2319 Vespasianum
1156 2226 1304 2322 Sergius
1330 2230 1405 2305 'Sul
1432 2229 1514 2307 itius¹

295 2322 429 2413 Galba,
455 2344 502 2395 ex
518 2318 627 2417 gente
643 2317 810 2413 Sulpitia,
837 2337 875 2392 et
890 2323 992 2393 Patre
1016 2320 1210 2411 consulari,
1237 2332 1383 2412 ortuo„
1427 2325 1518 2422 ispa·-

294 2412 376 2515 iriae
404 2412 624 2509 Proconsul,
647 2439 666 2488 a
693 2416 787 2510 Julio
811 2415 999 2506 Vindice,
1024 2418 1442 2515 GalliaePropraetore,
1471 2418 1515 2497 ad

291 2538 443 2613 regnum
470 2512 611 2586 Neroni
638 2510 860 2607 eripiendum
888 2512 1165 2604 evocatus,-·sed
1193 2516 1242 2586 ob
1268 2517 1453 2591 avaritiam
1477 2535 1517 2597 et-

293 2610 447 2685 'nimiam
484 2608 710 2685 severitatem
746 2609 881 2706 populo
912 2609 1058 2699 exosus,
1105 2606 1160 2682 in·
1178 2607 1260 2720 ipfis
1292 2610 1410 2685 initiis
1448 2632 1523 2708 per

288 2708 501 2801 othonem,
527 2702 773 2801 'conjuratione
797 2705 905 2797 inita,
930 2706 989 2780 cui
1019 2704 1512 2804 inadoptronepraetulerat

288 2802 477 2890 Pisonem,
512 2801 906 2875 obtruncatus-estune
932 2800 1184 2892 cunr²Pisone3
1218 2824 1300 2893 cum
1321 2805 1446 2881 Mens.
1472 2827 1505 2898 7.

287 2891 427 2981 tanturn
460 2890 675 2992 praefuisset.
723 2896 909 2971 Infelicior
946 2896 1062 2972 adhuc
1094 2897 1168 2995 ipse
1189 2899 1348 2972 Marcus
1377 2901 1513 2979 Salvius

289 2995 415 3091 Otho,
443 3014 463 3063 e
487 2989 621 3067 familia
649 2995 737 3068 clara
764 2993 949 3086 oriundus,
982 2994 1074 3084 fuit,
1099 2994 1231 3091 quippe
1256 3019 1392 3092 regno,
1418 2997 1511 3096 quod

285 3106 471 3186 rapuerat,
496 3087 770 3185 post-trimestre
790 3089 938 3187 spatium
954 3110 1098 3180 exutus,
1122 3112 1203 3165 erun
1218 3092 1401 3166 exercitus
1421 3096 1509 3168 Ger·

286 3181 444 3264 manicus
461 3183 498 3258 in
515 3184 703 3259 Vitellium
719 3186 917 3281 juraverat,
943 3207 980 3260 et
993 3188 1138 3283 propria
1163 3210 1267 3260 manu
1287 3188 1506 3264 interfedlus.

287 3285 359 3361 Sed
379 3302 445 3357 nec
463 3280 537 3383 ipse
554 3282 664 3356 Aulus
682 3282 871 3370 Vitelliul,
899 3283 1021 3380 Syriae
1037 3282 1203 3356 Praesidis
1218 3283 1375 3377 ejusdem
1395 3286 1507 3360 nomi·

288 3382 345 3458 nis
371 3382 480 3473 filius,
525 3379 585 3479 qui
612 3382 806 3456 exercitum
833 3380 965 3453 Galbae
990 3380 1028 3453 in
1053 3380 1126 3454 suas
1156 3380 1265 3452 traxit
1288 3401 1430 3477 partes,
1471 3399 1508 3460 et

288 3478 537 3553 consentiente
557 3477 717 3552 exercitu
734 3475 948 3552 Germanico
965 3477 1147 3573 inperator
1163 3475 1325 3550 salutanti
1342 3477 1415 3567 est,
1440 3477 1507 3559 suit

281 3572 450 3677 felicior,
475 3596 587 3669 regno
612 3575 719 3649 etiarn
742 3573 927 3672 indignus,
959 3598 1000 3648 ae
1023 3575 1105 3647 lunu
1128 3571 1306 3668 perditus:
1339 3597 1448 3668 quare
1465 3577 1506 3648 ab

287 3669 470 3759 exercitu,
489 3674 532 3745 ad
542 3671 791 3768 Vespasianum
811 3671 1022 3762 deficiente,
1040 3669 1214 3759 desertus,
1233 3669 1361 3743 misere
1375 3669 1504 3765 periit,

286 3766 369 3844 'curn
396 3774 414 3845 8
440 3767 557 3840 Mens.
609 3767 797 3843 raesttill'et.
984 3764 991 3775 ’
1426 3782 1428 3787 ’

289 3864 302 3950 s
334 3862 366 3960 s.
395 3861 583 3935 DLXXXl
628 3922 636 3940 .
668 3867 723 3939 Ex
747 3889 813 3963 qua
835 3864 1040 3939 confufione
1063 3864 1203 3939 tandem
1229 3886 1323 3937 nova
1349 3865 1412 3940 lux
1438 3864 1504 3939 suit

282 3958 417 4132 populo
456 3956 620 4031 Romano
654 3981 777 4035 exorta
811 3985 877 4058 per
909 3962 1056 4037 diarium
1091 3957 1345 4055 Vespastanum,
1387 3963 1505 4036 Gente

313 4055 403 4130 lavia
427 4074 562 4136 ortum,
589 4074 645 4142 et,
672 4059 756 4131 dum
786 4057 928 4153 Judaeis
954 4058 1163 4132 debellandis
1186 4057 1435 4148 incumberet,
1462 4059 1501 4132 ab

282 4151 445 4228 exercitu
467 4148 613 4224 eledlum
640 4153 904 4248 inperatorem,
930 4179 960 4229 a.
982 4157 1075 4227 AEr.
1102 4156 1149 4227 V.
1178 4160 1236 4241 69.
1284 4150 1364 4248 Ipse
1384 4155 1501 4243 enim,

281 4244 417 4339 uirtute
451 4249 580 4338 clarus,
606 4263 642 4320 et
657 4247 746 4342 reip.
773 4251 951 4340 intentus,
976 4253 1085 4324 multa
1105 4250 1278 4360 praeclara
1305 4248 1501 4344 praestitit,

280 4370 323 4431 ac
348 4342 565 4439 disciplinam
592 4341 777 4417 militarem
806 4346 1013 4438 revocavit,
1045 4345 1200 4509 jurrl‘Jue
1225 4345 1395 4418 volumen
1415 4370 1500 4420 con·

281 4442 392 4531 didit,
425 4437 524 4536 operi
549 4463 687 4538 quoque
712 4442 982 4531 intermortuus,
1024 4443 1128 4513 secun
1154 4463 1214 4511 um
1242 4439 1377 4514 dietum
1405 4443 1502 4540 ejur,

275 4538 401 4646 &portet
426 4538 648 4635 Inperatorem
669 4536 816 4636 stantem
849 4541 933 4612 morl
941 4558 954 4617 .,·
991 4558 1074 4616 etun
1100 4533 1308 4632 praefuisset
1334 4559 1417 4636 ann.
1446 4564 1502 4619 10.

792 4686 797 4703 ·
1439 4654 1504 4715 nec
