3575 5884
657 690 813 765 Priioiltit
837 687 980 791 Quinta.
1359 721 1376 772 2
1380 722 1401 790 4
1405 722 1427 790 5

218 873 265 974 ipsi
293 895 338 966 29
366 868 451 944 anni
478 866 669 965 completi,
696 892 844 966 quorum
874 892 917 967 23
937 870 979 945 nd
1007 870 1079 945 hoc
1105 870 1293 969 pertinent
1317 872 1425 951 inter·

154 994 165 1067 j.
217 979 350 1059 iillum,
390 992 486 1041 anno
511 990 608 1040 enim
633 969 707 1063 ejus
734 968 1029 1042 indeminutum
1064 970 1116 1043 cst
1143 992 1292 1069 regnum
1320 973 1428 1047 lsrae··

154 1090 156 1099 ·
212 1070 253 1145 lis.
298 1072 492 1143 inacteiea
515 1064 630 1160 Josire
653 1082 886 1162 competunt,
927 1086 996 1139 unii
1022 1086 1104 1139 cuin
1129 1068 1205 1141 filio
1232 1062 1429 1166 Joac'hnso,

210 1164 284 1241 inni
319 1186 390 1260 31,
428 1160 520 1235 sicut
543 1158 724 1257 Jojaliimo
747 1182 829 1237 cunr
856 1158 1095 1257 leliojacliino
1127 1167 1212 1239 anni
1240 1184 1296 1239 ir.
1348 1164 1428 1268 Qua

207 1263 342 1338 ratione
376 1258 602 1331 intervallum
633 1256 706 1329 hoe
728 1256 930 1331 continebit
955 1278 1068 1333 annos
1104 1278 1186 1355 130.
1234 1260 1373 1362 Quibus
1400 1260 1427 1336 ss

203 1358 373 1435 addantur
396 1357 493 1426 tertii
515 1352 690 1426 intervalli
712 1353 794 1426 anni
827 1350 917 1445 i59,
950 1352 1092 1451 ficundt'
1119 1362 1189 1446 86,
1227 1359 1331 1453 primi
1358 1366 1427 1453 36,

199 1453 280 1533 trini
314 1448 432 1525 totius
464 1449 604 1546 periodi
631 1447 739 1545 usque
771 1449 815 1522 ad
841 1469 979 1547 captam
1006 1450 1290 1551 Hierosolymam
1322 1476 1430 1531 erunt

196 1572 292 1646 411,
317 1566 458 1647 et'uno
474 1547 619 1636 addito,
644 1554 686 1618 ad
707 1546 899 1642 Templum
922 1546 1165 1640 combustum,
1189 1572 1274 1641 412.
1323 1552 1427 1660 Quot

196 1650 248 1725 ita
271 1668 321 1720 ue
384 1642 510 1716 eriodo
536 1642 641 1715 dandi
663 1641 754 1714 sunt.

154 1814 162 1831 ,
204 1782 210 1787 -
265 1744 333 1818 ‚C
398 1740 425 1811 l.
453 1738 523 1812 Sed
547 1739 633 1812 huie
660 1729 913 1834 chronologiae
936 1729 1073 1811 nostrae
1099 1756 1178 1812 cuni
1206 1733 1342 1813 obstare
1368 1735 1425 1815 vi·¹

193 1842 325 1919 deanit
367 1834 484 1909 visum
515 1834 647 1908 Erech.
681 1830 774 1924 iv„
814 1832 853 1906 in
885 1856 958 1931 quo
987 1834 1126 1908 fundari
1162 1836 1254 1910 solet
1282 1836 1427 1932 periodi

197 1932 369 2021 duratio,
399 1929 445 2004 de
470 1952 516 2004 eo
539 1947 696 2005 mentem
722 1950 905 2029 exponere
930 1932 1068 2005 necesse
1094 1926 1164 2023 est,
1191 1953 1236 2005 ne
1259 1934 1340 2030 quis
1363 1933 1426 2008 liic

194 2026 438 2110 obluereseat
485 2027 637 2124 Jubetur
650 2026 828 2125 propheta
843 2026 945 2100 lateri
963 2025 1099 2101 sinistro
1122 2029 1327 2103 incumbere
1347 2028 1425 2102 dier

198 2151 296 2229 390,
319 2140 359 2199 ut
374 2136 488 2221 portet
510 2126 720 2221 iiiiqut'tatm
741 2125 853 2199 domus
876 2123 1037 2219 Israelis,
1062 2122 1144 2197 dein
1169 2145 1218 2215 40
1239 2127 1313 2199 dies
1338 2126 1425 2198 alios

194 2248 264 2326 pro
294 2224 472 2319 inquitate
495 2221 606 2294 domus
631 2220 766 2314 Judae,
798 2218 942 2311 addito,
967 2223 1036 2292 illes
1062 2218 1127 2313 ipsi
1154 2222 1235 2292 loco
1266 2244 1424 2295 annornm

194 2322 265 2399 esse
282 2318 400 2393 dator.
447 2314 548 2391 Hinc
573 2315 694 2413 colligi
711 2316 820 2405 solet,
845 2312 1071 2412 iniquitatem
1088 2315 1268 2412 utriusque
1294 2318 1421 2413 regni,

364 2409 576 2487 defeuionis
601 2435 623 2486 a
647 2412 746 2497 tehtio
770 2409 988 2485 Rehabeami
1018 2406 1140 2503 duna,
1176 2431 1221 2486 eii
1248 2434 1269 2485 2
1291 2415 1424 2493 Cliron.

252 2536 263 2586 z
293 2508 512 2603 17.etx11:
541 2530 572 2584 1.
597 2508 732 2583 durasse
744 2526 824 2581 ann.
844 2527 936 2602 390:
962 2527 1044 2579 cum
1062 2505 1250 2582 secundum
1269 2510 1425 2587 nostrum

197 2623 416 2703 computum
429 2603 535 2695 inde,
562 2604 669 2702 nsque
688 2600 730 2678 ad
744 2601 1015 2677 destructionem
1035 2598 1322 2702 Hierosolymae,
1349 2624 1427 2683 tan.

198 2724 275 2780 nrm
294 2722 367 2799 373
386 2699 469 2775 anni
487 2699 667 2776 fluxerint.
715 2698 860 2773 Nititur
876 2698 966 2772 haec
985 2698 1111 2796 opinio
1126 2699 1171 2773 de
1189 2703 1299 2776 fundo
1318 2705 1427 2780 ebro-.-

198 2798 367 2898 nologiae
400 2797 439 2871 in
464 2795 536 2869 hoc
558 2795 635 2871 viso
660 2794 910 2871 constituendo
930 2800 1058 2870 tribus·
1077 2796 1351 2894 hypothesibus,
1388 2822 1420 2877 i.

200 2918 310 2974 mnot
347 2914 420 2989 390
440 2911 577 2965 tentum
611 2890 650 2967 in
684 2892 825 2967 censum
858 2891 1004 2985 venire,
1051 2912 1083 2968 2.
1110 2916 1171 2965 eos
1205 2894 1247 2965 ad
1283 2896 1428 2989 tempor

200 2988 413 3071 defectionis
429 2986 663 3099 praeteritae,
690 3006 726 3062 et
741 2988 881 3086 quidem
898 2990 1078 3086 utriusque
1093 2987 1217 3081 regni,
1238 2990 1422 3081 pertinere

223 3147 232 3165 .
257 3090 336 3185 ejus
361 3087 514 3182 denique
540 3086 712 3194 epocham
731 3086 800 3161 esse
824 3104 903 3160 ann.
929 3102 1023 3178 4tum
1040 3081 1271 3157 Reliabeami.
1313 3084 1425 3190 Quae

201 3112 417 3282 iypotheses
439 3203 617 3279 precariae
644 3182 724 3255 sunt
751 3199 788 3255 et
812 3181 934 3270 salsae,
966 3184 1010 3255 nb
1029 3176 1209 3253 intellectu
1235 3180 1423 3259 emblema⁴

204 3284 279 3355 tico
303 3277 392 3369 visi,
426 3279 566 3376 ejusque
591 3279 720 3374 scopo,
758 3277 911 3366 alienae,
947 3276 1043 3349 etei
1075 3276 1293 3368 contrariae3
1327 3282 1424 3379 quod
1488 3294 1490 3296 ’

196 3379 264 3477 jam
292 3374 392 3448 vidit
414 3395 452 3450 et
477 3373 727 3448 demonstravit
761 3371 953 3470 Vignolius
978 3373 1015 3446 in
1050 3373 1180 3447 Chron.
1206 3372 1241 3450 S.
1278 3394 1364 3453 tom.
1390 3381 1420 3454 l.

199 3499 263 3550 nos
281 3469 390 3545 fusius
416 3492 454 3546 et
471 3466 667 3545 distinctius
691 3472 728 3544 in
748 3488 940 3543 comment.
968 3468 1049 3544 Mil.
1076 3470 1117 3541 ad
1135 3472 1290 3561 Ezecn,
1316 3496 1422 3569 quaro

200 3593 315 3659 nunc,
357 3591 404 3642 rie
428 3590 542 3642 moras
566 3568 701 3641 traham
728 3563 872 3655 nimias,
906 3563 1007 3660 theses
1033 3562 1204 3661 posuisse,
1247 3568 1288 3641 id
1318 3571 1422 3641 intel-

197 3666 327 3741 retium
359 3681 399 3736 et
431 3666 574 3761 scopum
604 3663 669 3739 visi
705 3661 743 3736 in
774 3663 889 3736 lucem
922 3660 1194 3758 proferendum,
1236 3682 1273 3735 ct
1309 3667 1423 3761 verbo

200 3758 428 3852 adstruxisse,
452 3760 644 3835 suffecerit.
692 3760 809 3834 Prima
835 3756 906 3850 est,
932 3759 1141 3857 Proplietam
1167 3754 1347 3853 hicnon,
1380 3785 1424 3838 uo

199 3860 307 3936 modo
329 3875 454 3948 antea,
498 3854 652 3930 hostium
680 3855 935 3946 obsidentium,
967 3856 1027 3930 sed
1053 3856 1284 3944 obsessorum,
1320 3877 1358 3930 et
1383 3860 1426 3931 iii

199 3954 346 4030 exilium
363 3952 615 4042 abductorum,
646 3973 769 4048 gerere
796 3956 991 4051 personam.
1038 3952 1183 4025 Dicitur
1209 3948 1331 4049 utique
1357 3957 1423 4025 ilii-¹

200 4057 360 4147 quitatem
386 4049 564 4146 utriusque
593 4050 717 4123 domus
735 4070 893 4149 portore;
921 4049 1007 4123 sieut
1035 4065 1118 4119 mox
1142 4066 1177 4116 v.
1209 4067 1264 4142 13.
1291 4049 1421 4119 emble-

201 4167 297 4239 utute
317 4146 488 4249 penuriae
527 4165 565 4223 et
588 4145 717 4227 sordidi
746 4148 862 4319 vigus
885 4169 927 4219 ac
958 4163 1064 4243 potus
1091 4140 1331 4243 subjungitur,
1369 4140 1424 4236 stc

786 4331 790 4338 Ι
833 4242 858 4312 h
882 4260 906 4337 3
1264 4242 1433 4331 toiiitdenl'
1487 4264 1557 4586 l
