3575 5884
1251 957 1253 960 ¹
1346 976 1348 981 ·
1363 962 1372 983 Ι

1347 1047 1355 1061 ο

230 1176 236 1189 .
296 1142 375 1215 420
642 1119 789 1223 {Asturia
813 1116 1049 1227 Ecclestaflica
1071 1123 1113 1203 V.
1139 1123 1183 1201 T.

298 1326 351 1399 pe
379 1320 483 1402 quem
508 1305 546 1379 in
577 1304 771 1378 clientelun
803 1306 1018 1405 susceperat,
1061 1303 1288 1396 restituendi,
1332 1304 1420 1381 illud
1441 1327 1527 1385 mox

298 1400 496 1498 magnoin
545 1397 664 1475 tuest
699 1402 894 1497 adgrellus,
940 1427 1007 1477 nec
1042 1401 1114 1476 sine
1145 1403 1298 1494 succ-effu
1325 1402 1365 1477 in
1394 1403 1518 1479 initio:

294 1498 427 1606 ‘copias
447 1519 542 1570 enim
564 1496 702 1571 navales
727 1498 1046 1607 Alexandrinorum
1071 1498 1185 1589 fudit,
1227 1498 1401 1606 Memphi
1427 1500 1518 1575 leder

298 1592 431 1776 llll,
448 1592 1513 1797 ζῗὲἓῗῗοέῗὲἕέἒἓοέἓῗάἳῗῃὲἒῗῗιὲῐι,ἀεὲἑὲιῗθςῖἶὲῗᾚ

300 1802 503 1881 expugnare
530 1806 603 1857 non
627 1784 763 1882 pollet,
788 1787 933 1859 foedere
957 1786 1177 1858 fraudulento
1202 1808 1285 1859 cum
1299 1785 1511 1861 Philometo-

296 1876 485 2049 geppfilp,
512 1899 549 1953 et
573 1882 862 2050 rebapAAEgyptli¹
886 1880 1080 2050 dcilgppsrtis,
1113 1880 1196 1956 inde
1216 1880 1396 2050 ιὲξεείῑῑῑεῑ
1412 1907 1511 2051 palian-

292 1996 839 2183 apdrinpsopptpergopcsshpppoc
851 2001 965 2173 {uam
975 1999 1234 2182 cliiAgiiainumex
1252 1997 1426 2169 Pttilgrbtio,
1451 2002 1508 2146 {i

294 2190 383 2256 vro,
409 2167 569 2264 Justrno,
594 2188 632 2240 et
648 2169 866 2266 Porphyrro,
892 2170 991 2264 supra
1007 2187 1147 2259 citatis,
1169 2169 1509 2264 repetendam&

300 2265 372 2337 niel
397 2265 481 2339 ibid.
509 2289 546 2336 v.
572 2271 619 2336 26
642 2283 680 2339 et
707 2286 763 2356 27.
789 2264 1075 2357 praenunciavit:
1106 2262 1288 2360 pertinent
1313 2263 1409 2339 enim
1436 2288 1511 2346 ver·

291 2364 343 2435 ha
375 2383 447 2432 non
473 2358 515 2430 ed
542 2357 709 2451 praelium
730 2380 810 2431 cum
833 2358 1094 2447 Philometore,
1124 2358 1185 2432 sed
1209 2357 1259 2432 etl
1278 2359 1407 2434 bellum
1430 2381 1506 2435 cum

287 2455 499 2551 'Euergete,
532 2452 611 2523 alias
634 2449 841 2547 Physcone3
879 2471 920 2526 ut
945 2451 988 2527 ad
1022 2455 1043 2527 l.
1072 2475 1104 2527 c.
1138 2453 1257 2528 docui.
1279 2491 1282 2495 ·
1303 2455 1428 2530 Rebus
1449 2454 1507 2529 hat

291 2546 496 2628 rationein
523 2546 702 2642 AEgypto
727 2534 922 2642 dispofitis,
958 2566 998 2621 et
1023 2548 1172 2622 foedere
1193 2573 1272 2623 cum
1295 2548 1504 2625 Philometo

296 2670 335 2723 re
351 2644 442 2719 inito
471 2658 594 2716 contra
610 2644 886 2734 Alexandrinos,
910 2665 951 2717 ac
970 2642 1114 2719 {ranem
1132 2647 1374 2721 Ptolemaeum
1398 2647 1506 2722 minu

295 2765 389 2828 rem,
433 2756 471 2810 ut
495 2737 620 2810 fratres
650 2738 721 2812 sese
753 2758 877 2813 mutuo
901 2741 1000 2813 'bello
1026 2739 1248 2830 adtererent,
1279 2742 1428 2838 syriam
1450 2766 1496 2816 re·

341 2835 401 2908 tiit
426 2833 644 2919 Antiochus,
685 2837 804 2908 multis
827 2834 959 2908 ditatus
982 2835 1003 2908 s
1046 2836 1120 2909 liis:
1145 2837 1266 2916 sedin
1292 2834 1425 2914 itinere
1446 2859 1501 2935 per

293 2861 482 3048 &idaeam
520 2925 673 3024 maligno
701 2949 737 3002 et
763 2952 870 3003 avaro
894 2930 973 3003 adse
1012 2931 1047 3005 ui
1072 2932 1194 3022 litans,
1224 2930 1499 3034 Hierosolymam

292 3024 435 3112 invasit,
462 3019 620 3113 adflixit,
647 3045 685 3096 et
707 3025 892 3121 spoliavit3
916 3026 970 3097 uti
995 3052 1030 3100 v.
1060 3037 1116 3107 28.
1143 3026 1365 3126 praediolum
1387 3030 1500 3106 exstat

281 3120 529 3208 Antiochum,
555 3118 738 3192 moenibus
754 3121 984 3194 Alexandriae
1009 3122 1134 3197 frustra
1158 3121 1324 3216 tentatis,
1351 3145 1391 3200 et
1417 3129 1499 3204 bello

279 3214 683 3302 'reficio-Philometori,
711 3240 862 3311 quocum
884 3215 1008 3289 foedus
1023 3221 1237 3326 pepigerat,
1262 3221 1401 3316 Syriam
1428 3246 1501 3296 ver·

276 3322 345 3401 [sus
370 3309 574 3400 tetendille,
607 3330 790 3406 antequam
817 3309 956 3383 coactus
987 3313 1097 3386 fuerat
1120 3341 1140 3388 a
1160 3315 1331 3389 Romanis
1352 3319 1498 3415 AEgyp

280 3400 367 3493 ''tum
392 3409 610 3505 relinquere,
647 3430 691 3478 err
722 3404 830 3476 Livio
867 3407 888 3478 l.
922 3404 1043 3481 XLV.
1081 3430 1118 3483 et
1146 3410 1245 3499 aliis,
1272 3412 1494 3500 ,clariffimum

277 3512 352 3586 est.
400 3502 546 3579 Mentio
572 3520 707 3597 quoque
732 3499 864 3572 reditus
888 3501 982 3595 ejus,
1008 3522 1046 3575 et
1062 3503 1274 3578 adfliclionis
1291 3508 1494 3603 Judaeorun

276 3618 381 3684 'tunc
398 3600 532 3688 follae,
567 3598 720 3671 1Macc.
746 3597 774 3669 I:
802 3618 859 3669 uo.
884 3598 943 3669 ubi
963 3600 1100 3691 epocha
1125 3601 1245 3697 figitur
1268 3599 1306 3674 in
1323 3628 1406 3680 ann.
1429 3627 1497 3678 aet.

276 3702 422 3780 selenc.
452 3719 517 3789 143
545 3690 611 3764 cui·
629 3690 699 3785 Jos.
726 3691 811 3763 Ant.
845 3692 943 3765 Xlll.
970 3695 1158 3769 consentit.
1208 3697 1303 3796 Quid
1326 3724 1416 3773 vero
1441 3724 1493 3772 oc·

290 3797 460 3877 cilionem
495 3788 671 3861 violentae
705 3785 891 3860 invasionis
924 3787 1068 3862 Hieros.
1103 3792 1326 3888 praebuerit,
1373 3796 1493 3892 quidve

289 3885 575 3991 impetraverit,
614 3904 658 3954 ex
682 3882 753 3976 Jos.
780 3883 802 3957 l.
827 3906 861 3959 c.
882 3884 1075 3960 eruendum
1104 3885 1175 3978 est,
1209 3907 1246 3960 et
1273 3887 1398 3984 postea
1419 3915 1495 3988 pro·

275 3999 311 4017 ..
362 4013 406 4064 m·

274 4002 367 4164 m,
389 4070 600 4158 CCCCXIX.
633 4069 834 4145 Antiochus
863 4073 901 4146 in
934 4075 1083 4170 patriam
1116 4077 1246 4168 redux,
1289 4099 1372 4151 cum
1406 4077 1491 4153 audi·

275 4089 412 4271 iiliet,
451 4174 569 4248 fratres
604 4165 721 4239 secum
757 4168 826 4240 elle
860 4172 1125 4261 reconciliatos,
1176 4193 1213 4245 et
1250 4196 1318 4245 una
1353 4196 1493 4272 regnare

291 4270 537 4365 Alexandriae,
561 4261 619 4357 spe
647 4262 785 4356 itaque,
813 4287 915 4359 quam
943 4264 987 4335 de
1013 4265 1104 4356 illis,
1133 4268 1348 4345 seinvicem
1374 4269 1494 4344 debili·

180 4426 185 4437 .
289 4374 428 4463 tatutis,
456 4375 681 4457 conceperat,
707 4357 906 4446 frustratus,
936 4360 1053 4435 denuo
1071 4363 1187 4435 moult
1204 4365 1241 4436 in
1256 4364 1491 4462 AEg'yptum,

291 4476 332 4562 ,st
358 4494 417 4550 eos
436 4466 538 4540 umbo
564 4483 585 4532 o
609 4471 807 4554 pugnaret,
847 4472 947 4527 etro
975 4481 1057 4531 num
1086 4459 1255 4567 AEgypti
1290 4459 1355 4534 sibi
1382 4459 1496 4535 trinni-

286 4592 407 4668 ω,
427 4562 535 4661 fedq
626 4550 691 4652 i-pli
714 4549 859 4652 pollinae
888 4574 932 4632 ce
974 4572 1002 4629 t.
1047 4555 1186 4657 Legata¹
1202 4556 1300 4633 euim
1321 4557 1502 4653 Romanof

276 4730 279 4735 .
1099 4721 1101 4726 -
1330 4718 1334 4728 ·
1404 4674 1504 4743 mma
