3575 5884
292 1112 366 1214 §dd
636 1109 784 1210 lastaria
806 1107 1040 1211 Ecclessastica
1061 1112 1106 1189 V.
1134 1110 1177 1187 1.

294 1294 527 1386 narrationis,
550 1291 714 1368 conuerti
732 1294 841 1367 debet
853 1295 945 1370 vers.
970 1292 1038 1370 iste
1055 1302 1136 1371 dtas
1158 1308 1240 1369 cunr
1255 1299 1517 1399 praecedente,

293 1396 451 1493 adeoque
484 1392 562 1488 capi
586 1392 631 1464 de
657 1389 775 1465 hostili
799 1391 947 1489 inpetu,
981 1392 1041 1490 qui
1067 1388 1148 1502 post
1170 1392 1322 1467 Darium
1348 1397 1389 1471 H
1414 1398 1512 1498 stasp.

294 1492 470 1588 contigit:
494 1490 653 1584 adeoque
672 1488 734 1561 sub
756 1491 887 1564 Xerxe.
922 1490 1006 1590 Quo
1021 1491 1365 1582 amtermemorato,
1437 1498 1443 1508 '
1476 1522 1511 1571 o

286 1588 387 1669 ‚mun
408 1604 567 1673 enarrm,
590 1584 674 1680 quid
699 1584 860 1682 respedlu
884 1583 1030 1681 Templi
1053 1584 1223 1661 acciderit
1248 1605 1333 1661 ante
1352 1590 1508 1681 Darium

292 1686 400 1758 Forte
424 1704 566 1778 quoque
592 1679 682 1753 vers.
707 1680 772 1755 iste
797 1679 867 1755 fnit
897 1681 1051 1777 primum
1076 1682 1115 1755 in
1143 1680 1304 1780 margine
1387 1684 1508 1766 situsa

288 1779 425 1868 scriba,
449 1779 577 1852 librum
594 1776 689 1850 hunc
704 1778 929 1866 recensente,
954 1797 994 1850 ut
1010 1770 1212 1869 indicaret:
1226 1776 1317 1852 adve
1390 1781 1436 1856 iis
1452 1784 1509 1881 Ju-

286 1877 456 1952 daeomm
488 1896 628 1983 quoque
669 1873 924 1948 accensendum
964 1872 1034 1949 effe
1064 1874 1312 1966 Ahasuenim,
1359 1877 1448 1954 licet
1475 1879 1509 1954 in

287 1973 484 2071 Templum
510 1970 597 2043 nihil
621 1967 729 2042 fuerit
748 1970 901 2043 molitus.

334 2069 368 2170 §.
390 2066 726 2144 cccnxxxvffl.
768 2067 883 2165 Pergo
905 2063 1023 2162 itaque
1047 2064 1090 2138 nd
1114 2087 1241 2141 eume
1266 2066 1360 2144 libro
1388 2060 1507 2147 Esthe-

290 2166 342 2242 rir
366 2162 649 2247 monstrandum
687 2163 846 2259 adeoque
870 2162 914 2235 ad
939 2161 1214 2238 controverfiam
1238 2161 1285 2238 de
1307 2164 1507 2260 Ahasuero,

287 2262 418 2339 marito
434 2258 609 2346 Elllreris,
628 2280 716 2352 quae
732 2256 869 2331 Doelos
884 2258 1119 2344 vehementer
1136 2257 1267 2336 divilit.
1316 2258 1380 2336 Ne
1392 2265 1506 2351 Mars·

288 2361 433 2437 hunum
447 2378 487 2430 et
497 2354 707 2451 l'ignolium
724 2375 939 2442 memorem,
964 2375 1114 2450 quorum
1132 2357 1188 2430 ille
1490 2389 1506 2421 a

286 2457 385 2557 agis,
408 2470 481 2528 non
497 2448 657 2534 Medici,
683 2449 742 2522 sed
759 2449 1038 2538 MedoPersici,
1062 2448 1173 2525 filiam
1189 2451 1311 2528 censet
1326 2454 1399 2532 effe
1415 2455 1505 2532 am·

287 2552 447 2641 suerum,
469 2546 565 2645 quod
589 2568 628 2618 re
701 2568 738 2617 m
760 2563 878 2619 totum
901 2543 954 2619 est
978 2544 1124 2638 fidium,
1148 2565 1188 2621 ut
1212 2551 1253 2624 G
1278 2548 1333 2626 Vi
1370 2551 1379 2567 ‘
1467 2552 1502 2627 in

288 2648 374 2728 Obs.
398 2648 512 2721 Samis
530 2646 602 2743 jum
671 2641 900 2732 monllrarit,
923 2643 979 2716 lu'c
1001 2665 1091 2717 vero
1114 2645 1310 2741 Cyanrem
1334 2648 1383 2724 M
1427 2671 1503 2740 um,

285 2768 425 2844 pm„
442 2741 627 2837 Alingo,
651 2762 688 2813 re
833 2758 870 2813 te
885 2739 1077 2837 metropoli
1094 2739 1197 2835 regni
1212 2732 1500 2838 Ahaffieridusa,

279 2858 368 2914 mim
393 2824 572 2909 Eebaeino
602 2758 879 2909 fueriiuffiici
903 2837 1004 2932 regni
1028 2834 1144 2925 sedes,
1169 2853 1209 2908 et
1236 2837 1322 2934 Susa
1345 2858 1501 2938 tempore

281 2932 445 3012 Danielis
471 2929 671 3027 Babyloniis
696 2930 811 3003 adhuc
826 2931 978 3025 subjedla
997 2933 1090 3006 Dan.
1117 2933 1233 3022 Vffl,
1258 2955 1418 3011 necnon
1429 2960 1498 3013 ιιι·

310 3026 460 3103 litndine
478 3026 575 3135 ejus,
599 3028 642 3099 ab
664 3027 765 3102 India
788 3027 833 3101 ad
856 3024 1129 3125 AEthyopiam,
1153 3048 1200 3102 ne
1222 3029 1291 3104 alin
1389 3057 1498 3124 erim,

282 3050 371 3202 i'iri
396 3121 527 3210 Doc'li,
572 3123 632 3217 qui
655 3124 750 3197 inter
773 3142 876 3222 reges
908 3122 1042 3198 Persrae
1067 3143 1238 3233 quaerunt
1384 3148 1497 3219 erim,

282 3223 345 3300 alii
370 3217 516 3298 Dorium
540 3214 743 3315 Hystaspis,
777 3239 819 3292 ut
842 3216 1018 3311 Ull'eriur,
1049 3219 1110 3293 alii
1135 3220 1301 3313 Xeraen,
1334 3240 1377 3300 et
1394 3225 1496 3300 Scali-

281 3345 370 3425 ger,
392 3317 453 3395 alii
473 3316 695 3390 Artaxerxen
713 3314 997 3412 Longimanum,
1021 3334 1082 3404 ut,
1104 3314 1186 3412 post
1211 3316 1378 3417 loseph,
1401 3322 1495 3395 ren»

277 3422 365 3591 lii
373 3413 467 3588 {11²¹st
475 3414 547 3585 ἕξ
549 3411 632 3583 '¹¹33‘
642 3411 950 3606 ’qliefilliflie
959 3411 1297 3604 ,offleii
1321 3415 1497 3590 ‘illiti’

353 3542 373 3588 C
417 3570 426 3586 ·
865 3563 878 3595 ι

280 3618 339 3686 'res
363 3609 459 3703 regis
483 3627 521 3681 et
550 3533 650 3716 rigni
675 3628 722 3679 ex
747 3603 838 3679 libro
861 3602 999 3678 Esther.
1031 3622 1115 3678 ante
1151 3605 1231 3680 sunt
1254 3567 1427 3700 ειίιειιάἱ,
1464 3626 1496 3684 et

279 3728 349 3808 pro
376 3725 500 3777 norma
528 3701 654 3798 judicii
687 3699 855 3799 ponendi.
904 3699 961 3774 Ad
996 3700 1090 3797 regis
1119 3700 1275 3778 indolem
1297 3723 1345 3777 et
1376 3704 1497 3782 staron

330 3799 460 3884 minet,
494 3822 574 3872 eum
600 3797 723 3872 hiere
750 3795 935 3872 mesentari
967 3797 1068 3870 ualde
1098 3797 1256 3891 tarium,
1292 3799 1441 3878 saevum
1464 3819 1495 3877 et

277 3894 551 3998 inprudentem,
589 3892 687 3969 simul
768 3918 825 3983 as,
866 3914 970 3968 unam
997 3892 1076 3989 post
1105 3894 1269 3983 alteram,
1310 3897 1497 3974 habentem

278 4006 420 4074 uxore&
467 3988 525 4060 Ad
559 4013 707 4088 regnum
742 3988 896 4086 spereat,
983 3990 1029 4063 od
1056 3989 1100 4063 ad
1132 3990 1316 4071 minimum
1344 4016 1391 4070 ιι
1420 4016 1496 4070 ann

277 4084 461 4170 duraverit
486 4105 518 4157 t.
545 4085 611 4158 Ill:
638 4111 671 4180 7.
696 4087 906 4183 metropolis
952 4086 1041 4160 uer-it
1057 4085 1158 4176 Sul'a,
1182 4087 1254 4161 -sese
1279 4088 1390 4188 longe
1415 4092 1497 4169 late·

302 4214 346 4265 ue
371 4178 593 4284 porrexerit,
626 4185 668 4254 ab
695 4181 794 4254 India
828 4181 872 4254 ad
900 4182 1170 4280 AEthyopiam‚
1214 4203 1253 4257 et
1279 4183 1408 4263 insulae
1429 4212 1498 4263 mn·

275 4308 326 4365 ris
352 4275 630 4365 Mediterranei,
657 4277 827 4348 tributum
852 4276 1047 4372 inposuerit
1071 4279 1234 4375 populis,
1259 4301 1377 4356 morer
1397 4303 1440 4359 et
1455 4285 1500 4360 le·

201 4393 208 4408 ’
326 4409 342 4458 s
363 4377 543 4452 Persarum
566 4396 608 4448 ac
624 4371 816 4446 Medorum
843 4370 880 4444 in
907 4395 953 4446 eo
977 4374 1179 4474 lignenm,
1205 4376 1328 4472 Judaei
1343 4378 1501 4475 primum

276 4506 316 4558 m
344 4475 482 4554 summis
506 4471 559 4548 ibi
581 4468 714 4549 fuerint
737 4465 924 4566 angustiis,
958 4471 1043 4546 dein
1067 4468 1241 4546 vindicati
1267 4495 1306 4551 et
1327 4493 1502 4571 potentes

273 4575 374 4661 taen.
423 4570 481 4652 Ad
504 4569 592 4673 hoe,
615 4563 780 4664 et-alios,
812 4563 1022 4652 adtendere
1044 4562 1285 4668 monerem,
1310 4568 1503 4751 cm
