3575 5884
480 1342 490 1359 .
711 1226 1045 1345 anatona
1428 1207 1499 1330 1'1'5

305 1387 412 1529 israelis
439 1413 529 1494 sorte
561 1417 666 1531 sumi„
704 1412 796 1513 olle,
830 1439 1018 1529 'praeterea
1050 1434 1126 1531 earn
1150 1415 1263 1497 Eliam
1287 1428 1428 1521 qnoque
1458 1394 1499 1493 in

304 1518 393 1590 oculs
417 1516 543 1593 habere
563 1440 738 1617 poturlie,
777 1530 860 1593 cum
876 1518 1067 1628 proplietam
1099 1540 1138 1591 tn
1159 1540 1293 1617 genere
1324 1514 1497 1623 adpellet,

304 1612 402 1707 opinio
423 1633 557 1688 tantum
586 1614 721 1713 puellae
745 1610 833 1705 fine,
875 1614 1085 1706 indenata,
1124 1614 1219 1711 quod
1246 1634 1328 1688 eum
1360 1609 1411 1685 ibi
1435 1612 1497 1683 alt·

303 1710 412 1815 arando
432 1710 583 1785 viderat.
630 1710 766 1880 Utijuc'
790 1732 872 1822 euin
889 1712 1059 1787 Samariae
1083 1730 1155 1784 non
1179 1708 1300 1799 fuisse,
1324 1707 1407 1783 inde
1424 1706 1497 1821 col·

300 1798 350 1901 ligr
386 1804 492 1898 otest,
533 1806 628 1902 quod
649 1832 693 1882 aa
714 1802 802 1916 'leffe
832 1806 990 1897 dicatur,
1029 1826 1152 1903 regem
1175 1805 1335 1881 lacerasse
1360 1802 1497 1893 vestes,
1594 1824 1603 1831 ··

298 1920 327 1971 et
344 1830 385 1975 ai
397 1926 475 1977 eum
507 1902 642 1978 miserit
664 1922 856 1995 nunctum,
896 1924 931 1977 v.
968 1904 1001 1985 8.
1026 1902 1174 1993 sullicit,
1215 1925 1295 1975 eum
1327 1899 1430 1975 sitisse
1454 1900 1495 1976 in

297 1994 401 2073 licinia
421 1996 607 2076 Samariae.
655 2002 823 2073 Ceterum
846 1996 940 2097 quod
963 1998 1008 2072 de
1025 1998 1141 2098 Syris,
1166 1997 1336 2096 globatim
1360 1998 1397 2071 in
1422 2010 1492 2072 ter'·

299 2102 353 2165 lan
375 2090 505 2171 Israelis
534 2094 747 2213 irruentibas
781 2092 836 2195 (id
868 2093 964 2169 eninr
992 2094 1126 2263 ghtasrs
1155 2120 1190 2169 v.
1226 2117 1258 2169 2.
1298 2090 1492 2191 significat,

298 2191 473 2457 {ralla
497 2190 823 2385 {alarino
836 2208 988 2397 ‘llll
1010 2189 1492 2393 aitllllllfflilll:

297 2394 366 2455 ntnc
410 2404 456 2458 oc
478 2398 662 2482 tempore,
692 2402 738 2459 an
759 2384 887 2459 antea?
927 2400 1103 2457 incertum
1128 2382 1197 2458 est:
1238 2380 1414 2458 srElrsam
1439 2403 1493 2456 rn-

297 2476 425 2641 ederit
438 2478 576 2649 goelli,
594 2490 741 2589 oportet
757 2474 818 2555 sub
832 2480 976 2651 {orama
993 2479 1210 2595 contigerit,
1235 2478 1393 2588 quando,
1417 2477 1516 2554 Elia·

293 2572 430 2833 fiili?
445 2570 1230 2783 ddsijtiieiiaiiitidniunidiiimsctiiiintainiiii
1248 2574 1495 2747 dadiliffi’asii

303 2754 361 2841 ada
380 2726 469 2842 suat:
495 2767 589 2879 quod
612 2784 687 2844 noa
710 2764 763 2841 est
786 2768 1026 2865 inprobabrle,
1051 2792 1130 2843 cum
1156 2768 1227 2842 hoc
1252 2786 1412 2863 ternpore
1436 2791 1492 2842 vr·

290 2850 391 2936 deatur
412 2886 483 2961 pax
514 2876 609 2939 tnter
631 2884 694 2939 eos
716 2858 817 2939 faisse
840 2864 1010 3059 ροῗιιῐοε,
1042 2866 1099 2939 vel
1123 2864 1194 2961 ipsa
1223 2863 1288 2936 hae
1313 2863 1494 2962 legatione

291 2959 369 3054 regia
390 2956 508 3057 Syriae
532 2958 631 3036 teste.
679 2958 855 3050 Accedit,
912 2980 1068 3034 aramum
1092 2961 1210 3035 dicere
1243 2985 1277 3035 v,
1304 2984 1336 3055 7.
1369 2968 1493 3058 regem

288 3050 463 3147 taraſsiam
483 3048 600 3153 diffidit·
624 3078 807 3155 quaerere:
840 3056 934 3153 quod
959 3055 1075 3152 itaque
1101 3076 1184 3130 tnnc
1216 3079 1287 3128 non
1314 3066 1399 3133 erat.
1448 3060 1493 3134 ln

287 3145 344 3244 ipsa
372 3152 575 3225 narratione
598 3150 750 3226 nostram
782 3170 876 3225 nunc
901 3170 1036 3225 tantum
1075 3152 1386 3227 animaverfionem
1416 3177 1491 3227 me·

286 3264 387 3339 renat,
418 3246 515 3343 quod
537 3248 622 3323 Dux
645 3268 710 3347 per
733 3247 946 3321 lavationem
973 3246 1008 3318 in
1034 3248 1185 3342 Jordane
1211 3270 1377 3347 purgatus
1398 3275 1418 3323 a
1440 3252 1490 3323 le·

283 3358 349 3510 ἐξ,
389 3360 427 3416 et
459 3342 596 3418 sanatus
653 3343 809 3441 primum
839 3342 951 3417 Elisac
983 3342 1119 3439 aliquod
1150 3371 1263 3419 artuino
1298 3345 1490 3431 obtulerit,

317 3438 371 3527 in,
403 3452 487 3512 com
536 3401 685 3538 ropireta
708 3440 744 3515 id
769 3436 963 3528 recusaret,
991 3448 1164 3535 portionem
1191 3459 1302 3512 terrac
1327 3438 1491 3537 israeliti-¹

282 3554 333 3607 cae
353 3535 473 3609 secum
512 3536 696 3611 umendam
718 3534 884 3634 petierit,
909 3559 950 3608 ac
973 3534 1216 3632 inpetraverit.
1266 3534 1352 3606 Vox‘
1376 3528 1489 3610 lim

282 3632 460 3721 beneditio,
485 3650 525 3705 ut
548 3632 640 3707 verti
665 3631 770 3723 solet,
802 3656 837 3706 v.
866 3652 921 3721 15.
947 3650 1012 3727 qua
1036 3656 1149 3704 anenno
1173 3629 1326 3701 oblatum
1350 3655 1370 3703 a
1393 3632 1489 3705 Naa-

279 3738 369 3799 mane
394 3726 600 3824 infignitur‚
633 3752 706 3804 non
729 3726 936 3826 simpliciter
957 3748 1080 3799 munus
1103 3725 1241 3822 aliquod
1266 3724 1485 3821 praeliantis·

278 3812 414 3911 snnurn,
454 3828 693 3899 beneditionem
716 3824 795 3899 adiu
824 3842 862 3895 et
885 3820 984 3919 ligno
1016 3819 1098 3894 reali
1121 3814 1410 3915 demonstratam,
1449 3824 1489 3906 in

278 3916 381 3991 animi
404 3920 494 4015 grati
519 3942 585 4018 pro
611 3939 711 3993 tanto
742 3918 909 4019 praestito
933 3916 1108 3991 beneficio
1133 3916 1285 4015 lignum,
1319 3920 1487 4007 denotat„

278 4012 329 4087 sed
351 4036 479 4088 munus
500 4014 538 4089 in
560 4010 694 4115 signum
710 4011 932 4091 reverentiae
954 4034 1036 4108 erga
1060 4014 1288 4110 prophetam,
1313 4016 1408 4089 srmul
1425 4017 1486 4111 Jc·

278 4108 423 4201 horam,
450 4112 547 4207 cujus
563 4130 638 4185 erat
656 4112 849 4209 propheta,
874 4107 1025 4205 denique
1044 4108 1218 4185 societatis
1234 4111 1417 4185 foederalis
1433 4134 1488 4182 re·

279 4202 415 4297 ligiosae
435 4226 517 4280 cum
540 4208 712 4305 propheta
728 4206 898 4281 tesseram.
946 4203 1096 4280 Dixerat
1119 4207 1235 4298 enim,
1258 4208 1291 4281 se
1315 4207 1490 4303 Jelrovarn

279 4296 383 4375 solum
404 4324 502 4376 nunc
522 4304 711 4401 agnoscere
727 4305 844 4375 Deum
867 4302 905 4375 in
929 4321 1004 4378 tota
1029 4322 1138 4395 terra,
1163 4326 1221 4394 et,
1246 4303 1282 4375 in
1306 4304 1379 4399 ejus
1401 4303 1488 4377 fidei

276 4418 317 4468 ac
338 4394 548 4472 adfectionis
571 4398 724 4497 signum,
757 4420 850 4471 nunc
874 4399 1020 4473 exhibet
1043 4403 1236 4498 prophetae
1259 4422 1402 4488 munus,
1433 4422 1489 4471 re·

279 4493 457 4568 terentiae
490 4512 529 4568 et
559 4493 736 4568 societatis
767 4492 920 4569 futurum
950 4497 1088 4597 pignus.
1144 4496 1219 4591 Ipsa
1250 4518 1322 4569 vox
1353 4496 1489 4580 Heba,

278 4590 540 4758 gnae‘prop'rie
570 4594 865 4687 geniculationem,
913 4612 951 4665 et
981 4591 1271 4689 procubationem
1303 4590 1340 4664 in
1368 4587 1491 4685 peetus

306 4672 450 4783 estanar,
475 4686 564 4761 hinc
582 4688 638 4763 ad*
654 4685 812 4787 quanvis
835 4686 1071 4858 rgetcntiarn
1096 4691 1135 4761 et
1150 4684 1352 4764 societatem
1375 4681 1498 4785 pacl§‚'

292 4810 301 4831 '·
907 4802 927 4855 2
1457 4798 1497 4863 ut
