3575 5884
307 1076 380 1153 570
647 1053 794 1157 ldstoria
817 1050 1053 1154 Ecclesiastico
1074 1051 1119 1129 V.
1148 1048 1190 1128 T.

309 1234 468 1336 partibus
485 1241 597 1335 probe
614 1234 804 1325 ordinatis,
825 1237 991 1327 Ananus,
1009 1236 1158 1326 Annae,
1178 1258 1225 1310 ex
1241 1225 1395 1307 historia
1411 1218 1611 1308 Chtiffi

311 1335 413 1423 noti,
448 1336 560 1425 lilius,
592 1358 735 1431 magnae
761 1332 964 1408 autoritatis
989 1332 1178 1422 Pontifex,
1213 1328 1274 1405 sed
1299 1326 1607 1421 moderatior..

311 1432 392 1506 urbi
421 1433 567 1505 tuendae
604 1430 804 1526 praefectus
833 1428 905 1520 est,
946 1452 1015 1505 una
1046 1452 1128 1503 cum
1158 1427 1241 1529 Jose
1267 1424 1317 1497 ho
1346 1424 1560 1517 Gonnum„

311 1527 372 1602 sed
399 1528 527 1600 furioso
554 1530 688 1601 zelota:
727 1529 890 1600 Idumaea
916 1525 986 1600 fuit
1009 1527 1198 1615 Eleazaro,
1278 1521 1313 1594 ci
1342 1520 1452 1613 belli,
1479 1520 1540 1597 de·-

311 1624 489 1711 nundum,
514 1644 551 1694 et
568 1624 723 1698 Galilaea
748 1623 906 1719 Josepho
924 1624 1127 1711 Matthiae,
1152 1616 1567 1716 Historiographono-

314 1720 462 1805 tilllmo,
490 1717 570 1791 viro
597 1743 737 1816 quoque
766 1719 954 1810 bellicoso,
979 1717 1038 1792 sed
1062 1715 1297 1816 prudentiori.

358 1814 389 1915 ς.
418 1816 495 1888 DL.
533 1840 565 1911 3.
592 1817 677 1891 lloc
705 1840 821 1890 rerum
847 1814 939 1888 statu
961 1815 1100 1889 Flavius
1126 1811 1383 1918 Vespaliauua,
1414 1832 1555 1907 exper-

312 1930 371 1987 tus
396 1913 499 2000 Dux,
539 1936 559 1986 a
586 1912 737 1986 Nerone
763 1913 801 1984 in
825 1909 1051 1985 Palaestinam
1076 1909 1213 1999 miffus,
1254 1928 1317 2008 qur
1343 1910 1468 1985 tertius
1492 1904 1555 1983 eil:

311 2006 499 2095 articulus,
541 2030 622 2080 ann.
656 2031 726 2082 aer.
752 2009 861 2105 Vulg.
889 2014 957 2101 67,
998 2029 1079 2080 cum
1109 2005 1245 2080 seleon
1278 2002 1466 2093 exercitu,
1504 2019 1545 2077 et

314 2102 521 2201 Legionem
548 2105 806 2192 Romanarum,
846 2122 883 2175 et
909 2103 1093 2201 copiarum
1115 2099 1360 2191 auxiliarium,
1393 2122 1472 2175 eam
1498 2101 1543 2174 ab

314 2201 516 2298 Aquilone,
555 2219 593 2272 ut
620 2201 705 2273 olim
732 2199 937 2295 Babylonii,
963 2200 1119 2289 intrans,
1151 2198 1344 2284 Galilaeam
1369 2193 1542 2293 aggrelius

315 2298 391 2387 est,
416 2318 453 2370 ct
478 2291 539 2371 fibi
565 2291 732 2391 subjecit,
759 2294 902 2368 urbibus
928 2295 967 2369 in
991 2321 1052 2387 ea,
1078 2315 1116 2367 et
1143 2314 1236 2369 trans
1261 2316 1383 2384 mare,
1408 2290 1469 2367 vel
1489 2310 1541 2367 at·

303 2394 437 2482 cibus,
464 2392 515 2466 oti
547 2392 703 2481 Gadara,
738 2393 925 2486 Jotapate‚
963 2390 1176 2481 Tiberiade,
1205 2388 1435 2479 Tarichaea,
1472 2387 1541 2469 Ga·

301 2492 404 2569 'mala
430 2505 467 2562 et
497 2486 653 2577 Giscala‚
690 2487 923 2584 expugnatis,
955 2511 1027 2563 non
1053 2486 1124 2560 fine
1150 2485 1288 2562 difficili
1312 2487 1457 2576 labore,
1485 2482 1542 2565 in·

301 2586 441 2691 ¹primis
474 2581 587 2682 quoad
611 2585 831 2681 jotapatam,
872 2607 976 2683 quam
1000 2583 1172 2682 josephus
1196 2581 1403 2658 Historicut
1432 2579 1541 2665 multa

301 2698 397 2760 'arte
427 2700 466 2755 et
498 2679 633 2754 virtute
665 2678 845 2772 defendit,
879 2680 932 2755 uti
964 2682 986 2756 l.
1017 2680 1084 2755 111:
1111 2701 1144 2774 7.
1178 2677 1254 2753 fuse
1281 2695 1445 2769 enarrat,
1474 2674 1541 2774 qui

317 2778 447 2864 etiam,
478 2774 687 2847 mirabiliter
711 2776 869 2865 suorum,
902 2776 1069 2873 quicum
1096 2778 1132 2850 se
1157 2774 1349 2850 dedentem
1375 2771 1542 2849 occidere

309 2873 505 2958 uolebant,
531 2869 691 2942 manibus
716 2892 879 2967 ereptos,
905 2895 988 2947 com
1012 2871 1050 2946 in
1078 2895 1199 2947 manus
1213 2873 1460 2946 Romanorum
1481 2888 1543 2951 ve·

318 2968 445 3054 niffet,
480 2989 550 3037 non
582 2985 719 3039 tantum
748 2967 785 3040 in
810 2968 904 3043 vivis
930 2967 1071 3042 reliiios
1095 2967 1166 3059 est,
1202 2992 1283 3042 cum
1309 2967 1408 3066 quod
1432 2967 1545 3043 virtu·

299 3082 391 3139 *tem
408 3064 482 3158 ejus
499 3060 630 3134 fuerint
649 3063 818 3153 reveriti,
846 3085 920 3138 torn
939 3065 1164 3162 Vespasiani,
1195 3089 1237 3139 ac
1257 3060 1424 3161 inprimit
1441 3063 1543 3154 Titi,

281 3161 466 3263 ''gratiam
495 3156 614 3230 nac⁶tos
640 3157 705 3245 sit,
730 3181 842 3255 regno
868 3160 949 3257 ipsis
974 3161 1179 3257 praedieto,
1204 3163 1263 3236 sed
1284 3162 1446 3259 benigne
1460 3159 1543 3235 dein

309 3280 362 3338 ac
390 3254 589 3331 honorilice
615 3256 658 3327 ab
686 3253 730 3327 iis
755 3276 927 3352 exceptus
957 3279 999 3331 ac
1025 3256 1192 3331 trailatus
1219 3257 1281 3334 est.
1329 3280 1365 3349 4.
1391 3258 1544 3362 Quartus

307 3355 505 3441 articulos,
530 3351 629 3426 valde
658 3353 913 3442 memorabilis,
938 3349 1107 3426 bonitatis
1127 3353 1198 3428 Dei
1223 3355 1344 3443 limul,
1368 3353 1469 3428 limul
1479 3353 1541 3449 ju·

291 3452 428 3540 dieii,
455 3447 595 3545 Judaeis
614 3447 840 3541 inminentis,
866 3448 985 3539 testis,
1011 3448 1215 3524 intestinum
1232 3451 1373 3548 aliquod
1391 3450 1543 3539 bellum,

309 3545 580 3640 Hierosolymis
605 3544 759 3641 gestum,
798 3547 881 3620 dom
906 3546 1080 3638 Romani,
1113 3547 1183 3620 alio
1208 3548 1349 3636 vocati,
1384 3544 1543 3644 quiesce·

311 3661 421 3729 rent,
449 3641 708 3735 repraesentat,
734 3667 799 3738 per
822 3645 910 3716 duos
935 3665 1065 3732 annos,
1094 3652 1138 3724 68
1166 3666 1212 3717 et.
1229 3652 1297 3735 69,
1331 3666 1404 3718 aer.
1433 3643 1506 3717 Vol
1532 3697 1543 3716 .

317 3740 468 3819 Nerone
496 3736 592 3809 enim
618 3759 780 3828 mortu0,
807 3758 844 3811 et
872 3738 1014 3837 inperio
1041 3739 1244 3837 pervarias
1272 3737 1448 3813 faetiones
1464 3665 1542 3819 scii·

312 3836 377 3923 fo,
423 3829 504 3904 Ves
507 3831 674 3920 lulianus,
716 3836 903 3929 lnperator
926 3838 967 3908 ab
993 3839 1155 3910 exercitu
1188 3836 1402 3923 declaratus,
1443 3832 1544 3912 niffo

311 3932 411 4009 liello
440 3856 605 4035 Judaico,
651 3932 801 4005 Romam
826 3932 868 4005 ad
903 3931 1079 4042 inperium
1109 3933 1261 4007 tetendit
1286 3929 1544 4027 capellendum.

308 4029 403 4129 ‘Quo
430 4045 599 4122 temporis
635 4023 749 4117 spatio
784 4028 1014 4124 prodentibus
1046 4031 1186 4127 quidem
1211 4026 1349 4102 occasio
1383 4025 1544 4108 elabendi

311 4123 398 4198 data
423 4119 494 4209 est,
520 4141 585 4217 qua
609 4120 709 4192 multi
738 4123 816 4195 sunt
846 4123 916 4213 oli,
941 4125 999 4198 sed
1023 4128 1147 4224 reliqui
1171 4127 1209 4201 in
1237 4122 1384 4222 propria
1410 4122 1544 4198 saevie-

315 4236 399 4297 runt
424 4217 579 4306 viscera,
606 4213 702 4287 etse
731 4238 854 4292 mutuo
880 4221 1125 4316 adtriverunt,
1159 4221 1346 4298 manifesto
1371 4218 1445 4296 irae
1476 4218 1544 4296 Di·

310 4314 444 4393 ¹vinae,
472 4314 605 4407 populo
632 4311 889 4404 incumbentis,
916 4316 1063 4393 indicio.
1208 4401 1213 4410 Ι

364 4409 396 4509 q.
422 4407 517 4480 DLI.
558 4431 588 4482 1.
613 4405 729 4481 Prima
751 4407 822 4482 fuit
852 4411 985 4484 collisio
1009 4412 1237 4497 factiosorum
1265 4412 1481 4505 zelotarum,
1507 4427 1546 4486 et

311 4501 615 4598 moderatiorem,
644 4527 793 4616 quorum
818 4505 1002 4615 principes
1029 4529 1152 4611 erant,
1177 4512 1545 4629 illonolueaaarus,
1574 4534 1577 4543 ·
