3575 5884
1095 962 1102 971 ι

291 1132 374 1233 374
634 1114 779 1217 mstoria
800 1111 1034 1218 Ecclefiastt‘ca
1055 1115 1101 1194 V.
1128 1111 1170 1193 T.

295 1309 393 1411 ipse,
427 1302 499 1380 five
524 1301 561 1377 in
584 1299 792 1398 maJ‘oribua,
817 1297 862 1371 de
878 1321 958 1468 puo
979 1296 1121 1395 postea,
1146 1322 1178 1375 c.
1207 1299 1255 1374 Il:
1282 1319 1318 1391 5.
1346 1300 1438 1379 Sus„
1461 1316 1524 1383 aua

296 1424 372 1484 tem
397 1404 528 1502 degens
561 1397 597 1470 in
623 1398 734 1471 aulam
761 1395 854 1494 regis
914 1394 1049 1468 hasueri
1085 1396 1153 1471 fuit
1180 1395 1373 1489 adduam,
1406 1421 1444 1476 et
1468 1401 1520 1478 in·

297 1524 354 1579 ter
371 1497 577 1599 praecipuos
596 1495 672 1590 ejus
687 1491 864 1565 ministros
877 1491 994 1564 locum
1012 1494 1174 1590 accepit,
1200 1516 1287 1567 mox
1297 1494 1382 1590 post
1398 1497 1518 1573 Estne·

295 1625 391 1687 rem,
416 1591 578 1669 avunculi
596 1593 671 1686 ejus
689 1590 816 1679 filiam,
841 1588 1045 1685 parentibus
1069 1594 1212 1680 orbam,
1237 1610 1277 1662 et
1293 1593 1338 1663 ab
1357 1591 1436 1688 ipso
1454 1618 1516 1691 pro

294 1697 366 1771 filia
391 1689 567 1778 habitam,
594 1686 633 1761 in
651 1687 793 1759 thorum
810 1683 926 1782 regis,
953 1686 1135 1783 repudiata
1151 1684 1277 1775 Vasti,
1301 1687 1513 1780 adsumtam3

293 1791 346 1866 oti
375 1813 406 1862 c.
431 1789 448 1859 l
476 1805 515 1858 et
542 1787 579 1858 Il
606 1803 782 1857 narratur:
809 1781 938 1853 deinde
964 1785 1010 1856 ob
1038 1785 1128 1857 bene
1155 1781 1285 1855 merita
1310 1781 1351 1857 in
1375 1809 1515 1884 regem,

293 1887 391 1962 cu'us
416 1882 530 1956 vitam
559 1899 684 1955 contra
700 1879 847 1951 duorum
864 1877 1118 1952 Eunuchorum
1141 1877 1446 1974 conspirationem
1461 1884 1514 1958 sua

290 1911 353 2058 dili
403 1979 479 2053 ntia
503 1976 793 2064 conservaverat,
834 1976 1003 2071 majorem
1030 1977 1104 2072 ejus
1128 1973 1279 2073 gratiam
1307 1976 1431 2052 metus
1453 2002 1514 2075 per

291 2078 354 2155 Est
379 2100 500 2166 erem,
526 2097 613 2171 quae
640 2094 761 2170 regem
786 2070 830 2144 de
856 2094 902 2143 eo
926 2071 1116 2144 certiorem
1141 2071 1300 2158 fecerat3
1332 2072 1394 2146 sed
1420 2075 1511 2148 fimul

291 2175 544 2253 nonnullorum·
562 2169 733 2243 invidiam
743 2166 807 2242 srbi
826 2167 1078 2243 concitaverat.
1125 2166 1368 2262 Displicuerat
1383 2171 1514 2245 scilicet

291 2270 469 2349 nonnullis
495 2266 634 2355 aulicis,
667 2283 706 2345 ut
735 2264 954 2337 occasionem
978 2284 1016 2337 et
1038 2261 1214 2337 rationem
1241 2263 1513 2361 conspirationit

290 2368 409 2443 obiter
433 2365 585 2450 trudan,
619 2361 711 2457 quod
736 2358 862 2432 Esther
886 2359 996 2432 fuerit
1020 2360 1111 2434 facta
1131 2361 1278 2470 regina,
1313 2363 1511 2457 praeteritis

290 2465 370 2541 aliis
394 2459 537 2561 puellis,
563 2455 686 2554 quibus
704 2453 889 2545 favebant,
913 2477 959 2528 eo
975 2456 1082 2530 etiam
1099 2479 1233 2554 magra,
1286 2458 1359 2534 uod
1382 2457 1508 2549 fuerit,

290 2583 330 2638 et
348 2557 464 2657 gentis
488 2575 526 2630 et
556 2551 705 2648 originis
731 2550 912 2648 respectu,
938 2549 1081 2648 ignota,
1107 2552 1259 2650 denique
1324 2554 1508 2631 ordachae·

290 2682 373 2750 nm,
407 2654 525 2730 virum
550 2648 739 2748 Judaeum,
778 2649 821 2722 ad
849 2665 980 2721 tantam
1016 2668 1185 2723 evexerat
1213 2649 1248 2722 di
1302 2649 1447 2742 itatem,
1472 2666 1509 2727 ut

289 2774 456 2851 tanquam
485 2745 668 2847 primarius
690 2745 820 2819 aulicus
844 2743 882 2818 in
908 2744 1038 2854 palatio
1061 2769 1099 2819 rc
1127 2746 1156 2820 ia
1180 2771 1226 2819 ve
1259 2744 1312 2820 ari
1337 2747 1506 2844 potuerit.

287 2848 389 2925 Hinc
413 2865 530 2918 ortum
554 2841 626 2930 est,
661 2841 777 2936 quod,
807 2840 891 3010 gost
914 2841 1026 2938 rpsum
1051 2842 1085 2915 fe
1200 2842 1382 2939 nuptiale,
1423 2843 1506 2917 effe·

286 2942 427 3030 cerint,
453 2957 493 3013 ut
518 2961 613 3011 nova
637 2936 745 3010 fuerit
772 2936 805 3009 fa
842 2961 862 3010 a
888 2937 1068 3035 virginum
1095 2942 1349 3036 congregatio,
1376 2963 1422 3014 eo
1437 2941 1505 3016 sco·

314 3065 357 3127 ο,
384 3056 423 3111 ut
440 3036 498 3109 vel
521 3035 689 3108 aemulam
706 3031 872 3107 Estherae
890 3034 1139 3131 adjungerent,
1164 3036 1222 3108 vel
1242 3037 1385 3132 Regem
1401 3036 1504 3135 inpel-

284 3066 400 3215 lerent
423 3132 466 3205 ad
494 3130 678 3203 Estlrerem
703 3153 842 3225 quoque
859 3131 1124 3223 repudiandam:
1151 3156 1217 3227 qua
1238 3131 1299 3228 spe
1316 3156 1400 3206 cum
1416 3131 1504 3208 exci-

284 3230 433 3320 derant,
459 3227 529 3301 duo
546 3225 653 3298 aulici
672 3224 769 3297 vitae
790 3228 882 3323 regis
899 3227 1042 3300 fuerunt
1061 3227 1236 3316 infidiam
1264 3227 1346 3318 sed,
1372 3232 1504 3304 aMor·

283 3328 442 3407 dachaeo
478 3321 637 3412 detecti,
689 3321 813 3394 mortis
854 3345 1005 3417 poenam
1037 3323 1186 3398 luerunt.
1243 3322 1324 3420 Qua
1374 3327 1504 3400 ratione

285 3425 415 3502 Esther
440 3419 533 3521 regis
556 3441 709 3494 amorem
734 3416 795 3491 fibi
820 3418 931 3514 magis
955 3420 1179 3509 conciliavit,
1212 3437 1250 3492 et
1276 3417 1504 3497 Mordachaei

283 3522 469 3597 honorae
491 3517 602 3616 gratia
627 3512 752 3587 crevit.
805 3514 905 3618 Quae
942 3517 1061 3589 omnia
1086 3541 1131 3590 ex
1162 3514 1335 3615 pericopa
1359 3543 1400 3592 ca
1429 3578 1437 3594 .
1462 3519 1503 3594 ll.

288 3637 449 3709 19-23.
476 3612 553 3689 erui
578 3610 737 3707 pollunt,
771 3630 807 3683 et
830 3611 960 3685 clavim
984 3616 1153 3708 praebent
1180 3637 1255 3686 eam
1285 3613 1385 3689 recle
1409 3615 1524 3690 mtel·-

284 3710 430 3812 ligendi.
475 3711 530 3783 Ex
552 3706 617 3781 hac
642 3708 738 3782 enirn
762 3707 949 3805 hypothefi
967 3709 1063 3782 rene
1091 3709 1306 3805 explicatur,
1333 3712 1421 3808 quid
1448 3705 1503 3787 fibi

281 3812 389 3887 altera
406 3804 587 3899 virginum
611 3805 700 3879 velit
717 3804 949 3906 congregatio
967 3830 1001 3878 v.
1033 3829 1087 3895 19.
1115 3827 1186 3877 non
1205 3803 1320 3902 regis,
1348 3807 1410 3881 sed
1426 3805 1502 3883 auli·

282 3926 427 3991 corum,
462 3900 591 3994 confilio
619 3901 800 3996 instituta,
834 3904 938 3998 idque
969 3901 1048 3999 post
1077 3901 1201 3974 festum
1227 3901 1410 3997 nuptiale,
1444 3923 1506 3979 nec

279 4027 353 4080 non
378 4022 447 4099 quo
473 3998 543 4070 duo
571 3999 628 4072 isti
656 4003 774 4074 versus
804 4025 847 4093 19
876 4018 913 4073 ct
941 4022 987 4073 20
1013 3999 1177 4090 tendant,
1211 3997 1305 4096 quod
1332 3996 1505 4098 interpre-

279 4091 527 4191 tesexpedire
552 4116 623 4165 non
644 4117 847 4189 potuerunt.

325 4192 357 4293 §.
384 4190 643 4266 CCCLXXVI.
672 4194 756 4292 Quo
774 4217 889 4265 rerum
912 4192 1000 4264 statu
1021 4192 1159 4265 Haman
1187 4190 1224 4264 in
1248 4190 1468 4288 supremodi
1494 4226 1506 4247 ·

277 4287 401 4365 nitatis
424 4284 585 4378 fastigio,
612 4308 696 4378 prae
726 4289 868 4383 reliquis
894 4287 1135 4383 principibus,
1169 4286 1346 4361 incertum
1374 4219 1509 4387 quade

276 4384 397 4470 causa,
426 4387 516 4455 evet
534 4406 591 4471 us,
620 4399 782 4477 tanquam
809 4407 962 4479 prorex,
989 4384 1048 4457 seu
1075 4384 1227 4458 vicarius
1255 4385 1373 4482 regis,
1400 4406 1439 4459 et
1463 4388 1506 4460 ab

276 4479 460 4566 omnibus,
482 4479 574 4573 julla
591 4481 703 4576 regis,
730 4500 830 4550 morc
848 4479 1008 4570 Perfic0,
1035 4506 1101 4577 per
1119 4483 1360 4575 adorationem,
1386 4482 1424 4555 in
1442 4479 1508 4581 srg·

277 4602 365 4667 num
389 4573 642 4671 lubmiffionis,
683 4574 898 4673 honoratus,
933 4576 1007 4655 solo
1043 4575 1286 4654 Mordachaeo
1308 4578 1512 4754 recusppitm

353 4728 360 4739 .
816 4738 820 4745 .
1458 4695 1513 4751 um
