3575 5884
245 1148 251 1159 ,
291 1072 365 1164 536
635 1060 782 1162 &storia
805 1058 1042 1162 Ecclesiastico
1061 1060 1110 1140 V.
1136 1056 1180 1135 Y.

292 1246 551 1336 tilicationem,
568 1266 632 1343 per
646 1241 893 1317 abstinentiam
911 1267 931 1318 a
951 1245 1135 1340 voluptate
1155 1242 1285 1318 carnali
1305 1265 1350 1319 ac
1367 1242 1506 1339 deliciit3

291 1365 366 1419 tres
393 1344 576 1417 statuerint
611 1338 759 1413 vivendi
785 1340 941 1437 regulas,
980 1341 1087 1414 Deam
1114 1339 1359 1437 superomnia
1386 1368 1506 1438 anor,

293 1446 409 1517 uirtuti
424 1439 574 1538 studere,
602 1459 642 1509 ac
661 1440 846 1531 proximum
869 1439 1020 1510 ardenter
1046 1462 1170 1512 ornare.
1220 1437 1293 1509 Dei
1322 1437 1394 1511 sese
1416 1463 1504 1536 prae·

291 1537 427 1612 stabant
459 1532 642 1628 religiosos
668 1533 844 1623 cultores,
886 1531 976 1607 nihil
1012 1532 1087 1606 fere
1112 1533 1183 1606 fine
1214 1532 1384 1628 precibus
1414 1559 1503 1633 agen·

1537 1564 1540 1589 l

291 1653 368 1722 tes,
393 1655 474 1727 quas
493 1652 566 1701 non
590 1628 634 1702 ad
653 1624 780 1723 solem,
806 1629 1000 1704 sedcoram
1025 1654 1069 1702 eo
1091 1628 1134 1701 ad
1153 1630 1273 1702 Deum
1302 1629 1503 1720 fundebant,
1537 1686 1540 1701 .,

290 1727 340 1801 lic
364 1725 458 1835 enim
481 1723 730 1831 intelligenrlus
756 1722 807 1797 est
829 1725 901 1822 Jos.
927 1725 964 1798 B.
991 1725 1023 1819 J.
1050 1726 1096 1801 ll:
1126 1733 1157 1804 b
1183 1720 1216 1891 {-
1244 1747 1279 1814 5.
1310 1726 1405 1800 unde
1427 1727 1503 1800 male

289 1822 454 1895 concludr
479 1847 499 1895 a
522 1820 697 1894 nonnullis
720 1820 827 1907 solet,
860 1842 922 1893 eos
949 1819 1055 1893 solem
1079 1819 1184 1894 adora
1199 1818 1257 1895 le:
1292 1824 1391 1917 quod
1416 1824 1502 1896 abso

287 1941 375 1991 num
403 1916 474 2007 est,
498 1915 562 1990 nili
578 1915 672 1989 forte
697 1914 803 1988 solem
829 1938 899 2011 pro
921 1913 1119 1988 divinitatis
1143 1917 1359 1993 emblemate
1384 1917 1502 1991 habue-

289 2013 382 2104 rint,
420 2037 526 2112 quare
548 2016 634 2087 radii
658 2011 725 2085 Dei
753 2011 968 2105 adpellantur
1001 2010 1080 2086 solis
1106 2009 1193 2082 radii
1224 2011 1316 2085 ibid.
1345 2012 1379 2111 ᾗ.
1402 2035 1436 2103 9.
1467 2032 1502 2087 ut

289 2109 455 2200 videtur,
491 2109 585 2206 quod
622 2130 740 2182 tamen
774 2106 826 2181 est
854 2107 1011 2183 dubium
1068 2130 1101 2179 2.
1136 2106 1178 2178 In
1214 2108 1316 2182 vitae
1344 2108 1500 2183 instituto
1535 2140 1540 2147 ·

313 2231 430 2319 uoque
457 2205 619 2279 nonnulla
638 2204 835 2278 habueruut
856 2201 1060 2300 peculiaria.
1106 2202 1339 2279 Incoluerunt
1361 2204 1435 2279 loca
1450 2204 1500 2277 so·

286 2303 421 2394 ittarta,
447 2302 596 2377 maxime
621 2298 716 2379 circa
739 2322 834 2373 mare
860 2299 1112 2388 Sodomaeum,
1144 2296 1389 2374 fraternitates
1412 2301 1499 2373 cole-

287 2399 397 2489 bant,
421 2394 707 2475 communionem
729 2396 906 2471 bonorum
932 2395 1128 2482 habebant,
1153 2392 1238 2466 nulli
1269 2415 1374 2470 erant
1396 2393 1498 2487 serui,

286 2495 348 2570 ulii
373 2518 498 2569 uxores
517 2493 712 2580 ducebant,
737 2490 796 2563 alii
820 2488 1058 2577 abstinebant,
1084 2488 1299 2565 medicinam
1328 2493 1369 2567 in
1387 2490 1500 2589 primis

286 2594 476 2680 curabant,
501 2588 622 2665 severe
646 2587 832 2670 admodum
856 2605 894 2661 et
912 2609 1017 2683 parce
1043 2581 1238 2693 vivebant,
1256 2586 1391 2663 filentii
1415 2590 1500 2689 leges

286 2689 537 2775 observabant,
563 2685 821 2776 aclamoribus,
847 2682 956 2775 rixis,
975 2700 1013 2755 et
1029 2682 1178 2780 tumultu
1195 2683 1325 2775 alreni,
1351 2707 1396 2761 ac
1435 2684 1498 2759 acis

284 2782 525 2866 amamiffimi5
563 2780 817 2868 constantiam,
849 2776 1148 2875 patientiamque,
1182 2777 1239 2850 vel
1264 2777 1307 2854 in
1331 2780 1403 2857 di‘
1441 2779 1498 2855 mis

282 2874 524 2962 cruciatibus,
540 2872 694 2953 mirifice
721 2877 911 2951 tenebant:
935 2873 1165 2961 liberalitate,
1192 2868 1341 2983 aliisque
1366 2875 1496 2965 madh,

282 2969 515 3049 succurrendo
531 2970 606 3046 aliis
624 2972 852 3047 excellebant.
902 2996 934 3066 3.
950 2969 1113 3067 Denique
1128 2967 1284 3044 distintis
1305 2971 1452 3049 fuerunt
1464 2970 1497 3047 iu

284 3070 511 3156 avenarios,
539 3067 649 3141 etiam
676 3066 918 3164 Therapeutas,
942 3092 962 3140 a
986 3066 1201 3154 medicinae,
1227 3067 1396 3164 inprimis
1421 3094 1498 3145 men·

282 3169 353 3252 tis,
389 3162 565 3237 exercitio
588 3162 724 3252 dictos,
763 3184 801 3237 et
827 3168 1004 3259 prauitas,
1039 3185 1186 3258 quorum
1211 3159 1262 3235 illi
1287 3166 1500 3263 contempla·

282 3263 372 3353 tivi,
397 3261 436 3336 hi
462 3260 636 3356 operarii,
670 3279 794 3347 erant,
825 3282 929 3357 quare
956 3257 1006 3333 illi
1032 3259 1069 3330 in
1096 3259 1183 3331 locis
1205 3255 1372 3337 solitariis
1399 3263 1496 3360 dege·

282 3362 388 3451 bant,
414 3357 454 3435 hi
481 3379 570 3435 vero
595 3356 633 3433 in
655 3355 799 3435 unbibus
822 3374 860 3427 et
890 3355 989 3452 pagis
1015 3352 1259 3451 versabantur,
1294 3354 1409 3455 opera
1432 3381 1496 3433 ma·

276 3454 413 3546 'nuurm
438 3464 477 3529 'et
493 3473 746 3541 mercaturam,-
768 3471 989 3527 exercentes.
1036 3451 1091 3523 Ex
1111 3445 1375 3553 quibus,quae
1393 3449 1495 3552 speci·

281 3552 387 3635 minis
415 3554 496 3625 loco
512 3550 668 3648 protuli,
693 3545 794 3625 facile
814 3547 968 3637 constat,
995 3545 1240 3653 Therapeutas
1265 3548 1341 3644 pro
1354 3548 1496 3627 Christi·

281 3644 356 3723 anis
387 3649 509 3721 malea
527 3648 743 3735 Veteribus,
773 3661 809 3716 et
827 3642 1086 3719 recentioribus
1101 3639 1295 3735 nonnullis,
1323 3636 1427 3721 soille
1442 3646 1497 3721 lta·

281 3742 597 3838 bitos,sedquos1
624 3739 825 3817 Monacbos
855 3739 1067 3840 Judaeorum
1096 3734 1218 3826 soille,
1243 3757 1281 3810 et
1307 3741 1419 3816 multa
1443 3743 1497 3817 ha-

278 3837 389 3951 buiffe
423 3860 442 3911 a
471 3839 664 3918 Christiana
689 3835 863 3934 religione
900 3855 936 3916 et
956 3832 1058 3937 praxi
1091 3854 1165 3918 uon
1190 3832 1281 3912 adeo
1308 3837 1496 3913 abborreu·

280 3954 359 4134 ml.
383 3995 558 4106 oxvlu.
588 4035 719 4108 secuta
741 4056 826 4105 mox
851 4033 958 4129 longe
981 4027 1113 4104 tristior
1137 4025 1352 4124 Judaeoruui
1378 4028 1499 4105 condi·

279 4128 335 4204 tio
367 4126 419 4202 est
450 4127 509 4203 sub
543 4125 713 4218 Hyrcano
744 4151 809 4223 per
844 4126 1073 4223 Pompejum,
1110 4145 1149 4199 et
1179 4122 1299 4317 SFiae
1323 4125 1499 4207 Praefides

278 4226 483 4314 Romanos,
509 4221 724 4297 occasionem
776 4225 944 4297 raebente
970 4225 1061 4296 bello
1087 4218 1184 4295 civili
1227 4219 1419 4297 udaeorum
1443 4221 1495 4299 iu·

278 4342 336 4398 ter
351 4321 586 4416 Hyrcanum,
610 4335 649 4390 et
673 4249 913 4392 Arillobulum
939 4319 1079 4415 ejusque
1106 4316 1219 4406 filios,
1252 4316 1305 4389 uti
1332 4316 1439 4413 supra
1459 4315 1496 4389 in

277 4416 423 4497 historia
447 4414 605 4513 Hyrcani
641 4434 815 4486 narratum
843 4411 904 4486 est.
953 4416 1058 4485 Dabo
1093 4414 1153 4484 hic
1182 4413 1286 4508 paulo
1311 4413 1497 4493 clariorem

276 4513 412 4597 sess-uis
435 4533 472 4590 et
497 4509 685 4590 calatuitofi
701 4532 831 4592 eorum
847 4505 956 4593 statvs
984 4505 1214 4591 iserbertum.
1264 4532 1298 4591 ι.
1323 4506 1497 4682 Hileroso·

288 4662 297 4677 .
840 4650 844 4659 -
1385 4627 1499 4707 ymam
