3575 5884
841 991 846 1000 ο

272 1133 345 1222 418
519 1120 524 1126 ’
616 1115 762 1216 lassoss
786 1117 1017 1220 Ecclefioflica
1042 1121 1084 1196 V.
1115 1118 1153 1194 T.

267 1304 408 1400 faciens
443 1300 571 1374 exaltor
604 1296 823 1395 Majestutem
855 1306 947 1396 regni
982 1320 1052 1376 etc.
1088 1299 1240 1399 (scilicet
1273 1293 1506 1398 majestatem

279 1400 414 1496 regiam
442 1396 478 1469 in
505 1393 612 1490 stirpe
642 1395 716 1490 ejus
740 1393 891 1492 delens.)
938 1398 997 1470 De
1022 1421 1091 1493 quo
1117 1398 1272 1494 pluribus
1299 1396 1338 1469 in
1364 1398 1496 1471 ceum.

281 1493 438 1592 exposui.
484 1489 640 1563 Praesuit
671 1510 809 1564 tantum
842 1516 909 1581 11,
951 1493 1008 1567 vel
1039 1515 1082 1566 12
1107 1517 1186 1567 ann.
1220 1490 1404 1568 invaserat
1430 1490 1498 1586 qui·

280 1595 361 1668 dem
394 1588 455 1661 hic
486 1584 559 1682 ipse
586 1585 822 1675 Heliodorus,
866 1611 950 1685 rege
987 1589 1129 1680 occiso,
1168 1611 1338 1685 regnum,
1378 1586 1440 1661 sed
1461 1589 1498 1660 ab

279 1691 439 1762 Eumene
457 1702 494 1754 et
509 1681 656 1772 Attalo,
682 1684 974 1779 Pergamenorum
992 1686 1155 1780 regibus,
1180 1683 1342 1780 expulsus
1368 1681 1443 1772 est,
1466 1699 1496 1756 et

280 1778 483 1857 Antiochus
510 1777 715 1874 Epiphanes
740 1778 777 1851 in
807 1778 936 1852 throno
959 1782 1169 1871 collocatus,
1195 1800 1236 1853 ut
1261 1777 1376 1852 refert
1405 1779 1500 1874 App.x

183 1916 186 1923 ·
280 1877 363 1977 Quo
388 1872 494 1946 retuli
518 1872 556 1946 in
584 1877 718 1948 Comm.
745 1892 782 1946 et
800 1875 946 1968 exposui
962 1877 1080 1949 'verba
1098 1902 1133 1950 v.
1161 1899 1218 1949 21.
1245 1894 1283 1947 et
1333 1877 1410 1946 abis
1428 1899 1493 1950 css·

279 1992 335 2048 tro
359 1969 517 2068 flosorem
543 1973 614 2067 ejus
650 1969 801 2068 (scilicet
832 1971 978 2044 alterum
1000 1970 1174 2044 Antiochi
1201 1973 1259 2044 M.
1315 1970 1424 2058 lium,
1461 1987 1494 2042 ut

280 2069 370 2147 etei
397 2068 566 2163 eripiatur
583 2090 751 2163 regnum,
776 2064 862 2139 ficut
876 2067 1023 2140 Seleuco
1054 2063 1492 2174 contigerat).ignominioss

279 2169 462 2253 trudatur,
496 2186 563 2236 nec
584 2167 708 2236 dabunt
734 2166 763 2234 ei
790 2166 886 2236 decus
910 2168 1003 2259 regni
1032 2182 1101 2238 etc.
1137 2161 1290 2259 (scilicet
1316 2161 1394 2258 rpse
1420 2162 1492 2248 ille,

282 2261 519 2347 Heliodorus,
551 2258 632 2353 qui,
668 2257 919 2330 contumeliose
945 2257 1115 2355 rejedlus,
1149 2256 1374 2356 Majessatem
1397 2280 1436 2331 re
1484 2255 1492 2268 ‘

281 2360 378 2432 nullo
391 2355 498 2428 modo
524 2347 776 2447 consequetur)
795 2351 922 2424 Sensus
945 2376 991 2427 ex
1009 2376 1087 2428 mea
1111 2379 1133 2427 o
1160 2352 1283 2428 inione
1307 2353 1411 2428 hucr
1459 2353 1491 2427 't

281 2454 381 2530 Idem
399 2450 456 2523 ille
474 2450 602 2520 scallor
625 2446 752 2519 iterum
784 2464 907 2518 contra
931 2448 1035 2522 alium
1062 2452 1119 2545 eju
1136 2452 1215 2523 dem
1239 2449 1335 2547 regis
1360 2451 1491 2546 septen·

279 2547 428 2634 trionis,
461 2538 634 2615 Antiochi
657 2543 735 2631 M„
769 2538 879 2614 filium
902 2541 938 2615 se
962 2545 1183 2635 obfirmabit,
1209 2545 1269 2619 sed
1295 2546 1406 2642 longe
1430 2545 1490 2620 alio

278 2646 434 2731 eventu,
459 2661 531 2712 non
559 2636 654 2711 enim
682 2657 776 2710 nunc
798 2634 937 2730 tranfire
978 2646 1088 2714 aciens
1107 2646 1204 2716 decus
1227 2645 1343 2737 regni,
1368 2641 1428 2715 sed
1444 2640 1489 2738 ip

277 2742 336 2829 fe,
359 2732 614 2841 contumeliose
643 2733 812 2830 rejeclus,
837 2638 1063 2828 Majelhtem
1086 2738 1189 2831 regni
1210 2748 1283 2809 non
1309 2738 1488 2832 conseque·

277 2854 347 2909 tur.
395 2830 646 2921 Veniet-emm
661 2828 735 2923 ipse
750 2827 859 2995 Istolo,
885 2831 946 2903 seu
965 2831 1076 2921 filius,
1103 2831 1140 2905 in
1160 2833 1368 2928 opulentam
1388 2833 1486 2907 sortu-

275 2953 377 3018 nam,
403 2945 441 2999 et
457 2947 625 3020 regnum,
642 2923 751 2999 drlhcr
765 2926 849 2997 hmo
866 2923 952 2998 licet
971 2947 1153 3024 tempore,
1172 2926 1375 3003 vaferrimis
1391 2928 1486 3003 etiarn

275 3025 428 3126 arpibus,
462 3019 586 3093 reddet
611 3046 712 3117 quam
736 3018 975 3096 firmillimum.
1023 3025 1105 3098 Hac
1139 3023 1278 3097 ratione
1300 3027 1489 3110 Antiochus,

272 3119 408 3224 jamin
434 3116 582 3206 itinere,
609 3119 747 3204 Roma,
773 3115 833 3190 ubi
859 3116 1015 3191 obsidem
1038 3119 1200 3216 degerat,
1226 3118 1405 3210 dimissus,
1431 3124 1486 3216 Sy·

274 3225 364 3298 riam
387 3212 535 3316 versus,
550 3235 620 3306 ope
637 3213 952 3307 Pergamenorum,
978 3213 1038 3310 qui
1066 3215 1176 3312 ipsum
1200 3215 1262 3289 fibi
1290 3215 1488 3302 devincire,

276 3338 317 3396 et
333 3335 444 3410 regno
460 3311 579 3401 Syriae
597 3308 819 3396 succurrere,
846 3309 1055 3400 voluerunt,
1080 3311 1124 3385 ad
1139 3335 1287 3407 regnum
1308 3310 1487 3405 pervenit,

277 3437 317 3492 ot
343 3405 462 3510 pronis
487 3399 538 3474 est
564 3405 730 3500 apopulo
756 3422 921 3500 receptus
947 3405 1091 3495 animis,
1117 3431 1223 3504 quare
1249 3406 1401 3501 ἐπιφαιὺ
1419 3411 1487 3504 Epi·

275 3516 420 3609 planias,
447 3500 505 3573 seu
523 3501 615 3573 Deus
631 3497 804 3595 praesens,
830 3503 1101 3596 cognominatus
1117 3503 1190 3595 est,
1215 3505 1332 3599 quod,
1355 3506 1492 3602 peregri·

275 3613 327 3685 ‚us
351 3624 483 3692 regnum
507 3598 759 3693 assumentibus,
803 3621 891 3693 quae
916 3598 1072 3694 Appiani
1103 3601 1213 3675 verba
1237 3599 1340 3689 sunt,
1383 3606 1492 3675 avitus

269 3703 403 3779 ditionis
436 3692 578 3789 adsertor
602 3710 732 3766 exortus
781 3699 832 3767 uir
867 3698 1046 3770 adluxeril.
1095 3696 1200 3770 Unde
1230 3713 1353 3791 patet,
1395 3719 1501 3794 quam

275 3801 365 3878 mule
392 3789 488 3887 prius
520 3815 555 3864 v.
583 3811 638 3862 21.
673 3793 887 3878 membrum,
920 3791 1030 3864 modo
1054 3812 1305 3879 memoratum,
1348 3791 1513 3882 adeum

274 3892 399 3974 referri
425 3887 542 3961 l'oleat,
591 3883 648 3958 De
676 3911 746 3981 quo
777 3885 912 3959 abunde
937 3885 1077 3961 disserui
1109 3888 1147 3961 in
1172 3892 1309 3961 Comm.
1335 3888 1379 3960 ad
1403 3889 1503 3964 Dan.

278 3989 422 4072 Sensum
439 4005 526 4054 vcro
552 3979 647 4054 tituli
667 3983 848 4078 Epiphanir
866 3982 957 4073 else,
983 4007 1087 4081 quem
1105 3983 1206 4073 dedi,
1232 3981 1415 4059 intellefilo
1433 4007 1504 4057 no·

276 4088 375 4165 mine
400 4085 455 4154 θῶ
478 4078 561 4165 Dei,
597 4077 727 4151 dudum
749 4078 917 4168 adoclis,
943 4081 1004 4155 ΕΖ.
1031 4079 1244 4176 Spanhemio
1269 4077 1384 4156 Num.
1408 4074 1517 4155 Diffi.

273 4188 364 4262 Vll.
414 4173 566 4252 Vaillant
591 4173 684 4246 Hist.
710 4176 851 4271 Regum
882 4178 986 4267 Syn,
1028 4197 1065 4248 et
1090 4179 1140 4251 H.
1174 4171 1321 4250 Valesro'
1348 4175 1391 4249 ad
1415 4175 1496 4250 Eus.

274 4278 326 4364 Η,
351 4278 392 4351 Ε.
418 4275 439 4345 l.
459 4273 512 4344 ds.
548 4267 769 4343 obseruatum
803 4289 840 4340 et
864 4270 1073 4346 adstructam
1105 4271 1167 4348 cst.
1215 4269 1390 4345 Praestitit
1423 4271 1501 4346 sese

274 4384 314 4458 in
340 4392 451 4469 regno
476 4364 632 4454 varium,
674 4364 722 4437 ita
756 4383 795 4437 ut
820 4370 978 4458 quaedam
1010 4373 1083 4465 ejus
1104 4369 1227 4461 sallo,
1269 4365 1357 4440 teste
1383 4367 1492 4442 Diod.

276 4470 409 4554 &egio
435 4464 602 4559 Excerpt.
629 4459 795 4550 Valelii,
823 4476 855 4531 et
883 4461 1039 4556 confisis,
1071 4465 1204 4560 prorsus
1231 4468 1323 4560 regia
1339 4463 1494 4556 fuerint,

272 4588 372 4676 urps
391 4564 603 4655 &sermione
628 4559 748 4662 digua,
788 4558 948 4660 quodam
978 4576 1096 4653 crarta
1127 4564 1268 4662 abjuso.
1289 4561 1369 4671 odeo
1395 4563 1493 4733 sapi.-

1421 4746 1424 4750 ,
1478 4705 1494 4747 2
