3575 5884
555 1172 562 1225 ·'
670 1162 826 1246 Periodrtt
848 1164 974 1249 sessa·
1072 1162 1079 1183 '
1361 1198 1432 1278 353

201 1376 289 1433 uum
314 1346 381 1449 Ipsi
405 1348 445 1424 in
464 1348 637 1426 convivio
655 1346 849 1443 offerebat,-
874 1353 1079 1450 deplorans,
1112 1352 1207 1452 regit
1231 1352 1427 1433 misericor.¹

200 1453 260 1527 dia
293 1467 501 1536 commota,
543 1466 581 1520 et
615 1447 739 1521 favore
772 1450 984 1544 inplorato,
1013 1451 1067 1522 ab
1102 1472 1147 1523 eo
1181 1450 1321 1525 veniam
1351 1477 1426 1535 non

200 1566 343 1625 tantum
367 1543 649 1639 Hierosolymam
676 1542 868 1635 tendendi,
912 1545 971 1619 sed
1002 1563 1040 1618 et
1061 1546 1288 1643 ¹amplisllmns
1322 1547 1424 1646 inpe-¹

200 1641 313 1721 travit
346 1639 479 1713 litteras
501 1646 545 1711 ad
577 1639 746 1736 satrapas,
790 1642 847 1715 vel
879 1640 988 1715 duces
1024 1642 1360 1740 transeuphratenses
1384 1645 1426 1723 in
1521 1639 1525 1647 ’

200 1735 390 1815 commoda
422 1735 500 1823 sua,
542 1734 653 1832 iisque
676 1734 832 1811 munitus
857 1736 1143 1834 Hierosolymam
1177 1738 1298 1832 venit,
1342 1730 1427 1819 cum

202 1830 333 1933 insigni
355 1828 595 1904 ministrorum
619 1830 805 1906 comitatu.

244 1930 280 2032 s.
306 1926 515 2001 CCCLVII.
552 1926 679 2000 Statim
703 1951 769 2016 ac,
801 1926 930 2002 Mense
956 1922 1093 2017 Nisan,
1126 1926 1185 2024 qui
1235 1928 1344 2007 timus
1369 1930 1424 2009 est

198 2027 285 2105 anni
310 2019 469 2121 Judsici,
495 2041 574 2095 anut
603 2044 699 2098 aomo
723 2022 951 2112 Artaxerxis,
976 2022 1059 2099 Susa
1083 1950 1262 2120 profesgas
1288 2027 1422 2103 Hiero-

198 2126 387 2221 solymam,
421 2140 453 2189 c.
479 2116 526 2223 II:
555 2140 586 2193 1.
610 2142 656 2193 eo
682 2118 854 2206 venisset,
893 2141 1012 2191 muros
1038 2136 1076 2191 et
1100 2136 1218 2215 portas
1246 2120 1441 2202 Hieroso·-.

238 2238 334 2309 mae,
378 2213 467 2287 elam
491 2214 647 2311 civibus,
689 2234 727 2287 et
752 2213 873 2310 paucis
898 2236 979 2287 cum
1006 2215 1212 2304 comitibus,
1254 2216 1426 2305 adcurate,

200 2312 311 2389 nossa
341 2308 518 2396 visitavit,
559 2329 599 2381 ut
621 2308 778 2384 scissuras
808 2328 847 2382 et
883 2330 1044 2405 rupturas
1073 2311 1238 2385 adcurate
1268 2313 1418 2408 cognos-

199 2426 325 2499 eeret‚
354 2404 458 2481 instar
484 2402 661 2502 chirurgi,
702 2403 871 2503 penicillo
896 2408 1138 2482 vulneratorio
1162 2410 1329 2497 vulnera,
1362 2404 1425 2483 re'··

201 2503 326 2603 speslu
349 2499 621 2599 profunditatis,
646 2521 684 2575 et
708 2500 880 2598 periculi,
915 2503 1151 2598 explorantis,
1185 2501 1295 2602 (hanc
1321 2503 1420 2580 enim

229 2598 411 2675 otestutem
437 2595 600 2669 continet
629 2600 775 2671 verbum
811 2598 902 2677 'fill
928 2621 961 2671 c.
995 2600 1043 2673 II:
1083 2623 1137 2694 13.
1171 2599 1262 2695 apud
1289 2596 1422 2697 Arab.)

199 2693 454 2794 deprehendit,
472 2712 607 2793 'portas
630 2692 700 2767 esse
725 2712 763 2765 et
784 2694 902 2790 jacere
927 2692 1142 2781 combustas,
1167 2717 1284 2767 muros
1310 2719 1422 2786 vero,

197 2817 271 2869 non
301 2790 445 2889 quidem
468 2788 611 2885 penitus
635 2786 849 2876 destruslos,
882 2786 1088 2862 sedmultis
1116 2790 1271 2888 rupturis
1296 2812 1338 2863 ae
1362 2790 1424 2865 fise

196 2890 285 2964 suris
309 2891 496 2975 laceratos,
533 2903 571 2956 et
597 2884 639 2957 ad
665 2885 786 2957 urbem
813 2883 1038 2959 muniendam
1064 2883 1227 2983 ineptos3
1262 2905 1302 2960 ut
1328 2886 1425 2963 ibid.¹

197 2988 374 3072 habetur,
413 2999 451 3053 et
481 3005 516 3055 v.
547 3000 603 3081 173
652 2980 746 3081 Quo.
768 2978 899 3070 fasso,
919 2980 1117 3079 praesessor
1142 3000 1180 3054 et
1209 2984 1421 3080 praecipuos

199 3081 339 3156 timum
364 3074 408 3149 de
433 3098 477 3151 eo
498 3074 703 3166 admonuit,
736 3093 774 3148 et
796 3075 840 3152 ad
866 3100 888 3150 o
916 3100 955 3151 us
978 3100 1017 3150 re
1043 3077 1227 3169 arandum,
1260 3079 1422 3154 missione

197 3179 256 3255 sua
285 3194 326 3250 et
349 3172 558 3275 autoritate,
591 3196 612 3244 a
635 3194 721 3269 rege
748 3195 860 3247 conce
920 3227 931 3262 ,
965 3100 1046 3272 ipsis
1073 3171 1287 3269 fignificara,
1321 3193 1420 3250 tanta

196 3298 279 3350 curn
306 3268 472 3345 efficacia.
486 3266 679 3358 excitavit,
722 3285 763 3338 ut
790 3266 954 3344 omnibus
989 3270 1058 3345 suis
1082 3270 1217 3345 viribus
1249 3273 1283 3344 se
1312 3294 1420 3366 opem

198 3375 337 3447 laturos·
359 3365 430 3439 else
456 3361 705 3467 promiserint3
747 3388 783 3439 ν.
807 3374 869 3445 18.
906 3361 966 3438 ubi
993 3366 1143 3462 phrasrt,
1189 3366 1420 3459 confortarunt

198 3491 314 3542 manus
332 3459 418 3558 snas
441 3477 544 3551 mtto
595 3482 671 3532 nort
696 3456 748 3532 est
771 3458 961 3549 vertenda,
988 3480 1036 3535 -ut
1063 3458 1171 3548 solet,
1209 3463 1254 3533 ad
1276 3464 1427 3549 sonunt,¹

198 3565 254 3641 vel
281 3566 362 3635 bene
383 3556 602 3652 faciendum,
639 3555 701 3627 sed
726 3558 838 3642 valde,
878 3555 1131 3643 vehementer,
1176 3550 1421 3652 summopere:

221 3654 362 3735 uiusus
397 3652 435 3727 in
464 3655 557 3733 Μ,
585 3652 719 3735 amru,
748 3652 872 3729 2le
908 3649 988 3725 satis
1022 3646 1073 3722 est
1106 3650 1292 3745 frequens,
1331 3650 1427 3729 licet·

198 3686 300 3853 {epe
324 3748 440 3824 minus
464 3748 698 3824 observatus'
723 3746 829 3916 3uod
858 3764 939 3820 cum
969 3745 1180 3844 Judaeorum
1206 3746 1419 3842 adversarii,

199 3848 452 3935 Saneballatus,
480 3845 706 3921 Choronaeus
743 3867 802 3917 rve
819 3841 1004 3931 Moabita,
1031 3843 1120 3918 civis
1145 3847 1202 3919 vel
1221 3840 1419 3943 praeseslus

199 3946 293 4023 urbis
320 3943 562 4016 Moabitarum
589 3940 823 4029 Choronaim,
865 3939 933 4035 Jes.
961 3939 1045 4014 XV.
1079 3960 1117 4012 et
1152 3943 1221 4037 Jer.
1247 3944 1418 4020 XLVIII.

199 4040 348 4129 Tobia,
389 4040 506 4112 servus
537 4034 743 4110 honoratius
779 4033 896 4131 regis,
935 4036 1159 4129 Ammonitas,
1200 4057 1237 4112 et
1266 4036 1419 4127 Gesem,

199 4140 331 4226 Arabs,
359 4133 558 4232 praeseslus
575 4129 731 4241 regionis
749 4130 786 4204 in
813 4130 926 4204 traslu
943 4133 1112 4222 Arabiae,
1141 4134 1232 4209 haud
1257 4131 1379 4229 procul
1396 4156 1426 4208 a·

199 4231 378 4309 Moabitis
402 4248 439 4304 et
464 4227 702 4317 Ammomtis,
745 4227 1012 4319 intellexissent,
1053 4253 1137 4303 mox
1171 4233 1208 4304 in
1259 4227 1418 4326 tinclpio

200 4329 351 4428 judaeos
376 4328 419 4401 ab
452 4325 523 4399 hoc
550 4322 731 4433 proposrto
758 4324 878 4398 conati
902 4325 981 4399 sunt
1004 4320 1205 4413 deterrere,
1229 4255 1291 4398 lirb
1316 4347 1427 4422 prae··

200 4443 302 4499 textu
327 4421 527 4511 socletatis,
553 4418 632 4517 apsts
656 4442 694 4495 111
711 4422 903 4496 rebellione
933 4440 1057 4498 contra
1074 4442 1214 4515 regem,
1239 4419 1321 4494 alias
1337 4441 1429 4493 eum·

201 4520 352 4598 successu
379 4542 453 4593 non
486 4515 667 4606 facienda,
710 4517 867 4608 oblatae3
908 4519 962 4593 uti
992 4536 1150 4611 tempore
1174 4513 1419 4590 Zerubbabelis

205 4640 341 4717 quoque
362 4615 524 4701 fecerant
546 4612 752 4709 Satnaritpnl
777 4617 859 4689 Ezr.
883 4616 962 4695 tv..
999 4614 1084 4692 Huc
1107 4608 1202 4695 enim
1230 4612 1433 4708 collineare,

248 4710 338 4791 Tota.
362 4714 418 4790 ΙΙ.
785 4711 854 4817 Yy
1265 4720 1422 4793 autumas

1521 4834 1557 5062 l
