3575 5884
524 912 530 925 .
595 854 970 957 enumerentur
1052 891 1085 941 ,·
1290 814 1409 976 aa,

186 1032 444 1233 ffieffieeimen
469 1036 508 1115 ln
530 1037 731 1115 Alexandro
755 1036 980 1116 defendendo
1003 1055 1126 1117 contra
1148 1037 1403 1141 Apollonium,

311 1158 369 1209 em
395 1136 614 1233 Coelesyriae
638 1156 675 1209 et
700 1136 939 1229 Palaestinae,
955 1139 1015 1234 qui
1040 1141 1082 1212 ab
1108 1137 1308 1213 Alexandro
1335 1143 1398 1215 de·

186 1234 317 1307 fecerat
344 1232 388 1305 ad
406 1233 652 1322 Demetrium,
678 1254 827 1329 regnum
845 1256 1053 1330 recuperare
1077 1233 1288 1333 adgreffum.'
1330 1237 1400 1311 Fu·

183 1328 231 1401 dit
253 1328 351 1403 enirn
377 1328 496 1423 copias
520 1326 726 1425 Apollonii,
760 1325 800 1401 in
826 1328 992 1424 Judaeam
1015 1328 1148 1421 millae,
1183 1348 1307 1405 contra
1332 1331 1396 1428 Jo-

182 1421 385 1513 nathanem‚
410 1424 610 1498 Alexandro
627 1424 896 1506 adhaerentem,
921 1449 1036 1522 prope
1051 1428 1216 1523 Joppen,
1242 1444 1281 1500 et
1297 1428 1393 1501 Azo-

182 1538 254 1592 tum
278 1518 457 1616 fugientes
481 1516 777 1616 persecutus‘est,
802 1538 840 1593 et
858 1521 946 1594 urbe
971 1540 1077 1615 capta
1106 1545 1147 1595 ac
1173 1522 1315 1597 incensa
1331 1547 1398 1599 eoa

183 1616 327 1689 delevit:
371 1614 536 1710 spoliavit
571 1633 656 1689 tunc
690 1633 729 1688 et
752 1613 833 1689 alias
863 1617 966 1689 urbes
990 1617 1145 1704 vicinas,
1168 1617 1396 1709 ‘Askelone,

182 1708 247 1784 sese
269 1709 481 1805 subjiciente
492 1752 508 1799 ,·
538 1709 693 1785 liberata.
745 1708 873 1785 Gratus
894 1711 986 1786 hanc
1014 1710 1221 1785 fidelitatem
1245 1712 1397 1809 agnovit

182 1806 397 1895 Alexander,
423 1823 460 1877 et
483 1805 585 1879 donis
608 1804 685 1879 aliis
707 1804 914 1905 honoravit.

186 1932 195 1941 ·
224 1898 255 1997 §.
277 1900 546 1977 CCCCLXXX.
588 1900 791 1977 Alexandro
820 1900 905 1977 dein
930 1900 1167 1986 a=Demetrio
1193 1900 1395 1995 Nicatore,

182 1996 252 2072 filio
268 1996 425 2086 Soteris,
452 2020 522 2097 ope
546 1996 735 2071 Ptolemaei
762 1995 973 2095 Ph5sconis,
1000 1996 1052 2084 ‘de
1076 1995 1208 2071 throno
1231 1996 1393 2097 dennba7

182 2110 241 2181 to,
266 2092 355 2167 novi
375 2091 470 2189 regis
495 2092 618 2166 favore
688 2090 794 2166 udere
818 2090 978 2191 perrexit
996 2092 1192 2188 Jonathan,
1217 2090 1307 2166 adeo
1331 2112 1393 2184 ut,

182 2210 294 2261 arcem
316 2191 486 2287 Syrorum
501 2186 656 2261 Hieroso
669 2186 764 2286 ymir
783 2186 981 2285 oppugnari
1005 2188 1048 2263 ab
1073 2211 1139 2277 eo,
1165 2211 1239 2263 non
1257 2204 1395 2264 tanturn

1439 716 1675 723 .—-„-...-.-—.—

182 2282 315 2373 fruerit,
357 2283 417 2357 sed
448 2301 488 2357 et
510 2282 760 2359 Pontificatum
784 2284 1072 2374 confirmaverit,
1113 2283 1189 2360 imo
1212 2308 1234 2359 a
1258 2280 1396 2357 tributo
1533 2371 1536 2375 ¹

186 2402 255 2473 300
264 2382 471 2455 talentorum
487 2400 625 2468 annuo,
647 2378 725 2475 regi
743 2378 933 2467 solvendo,
957 2379 1173 2455 liberaverit.
1223 2378 1294 2455 Sed
1308 2400 1395 2469 rer,

181 2476 282 2571 longe
307 2474 395 2550 alius
412 2472 532 2571 postea
549 2474 685 2565 factus,
705 2472 868 2571 promissa
884 2471 1075 2569 ,ipsrfaola
1088 2473 1298 2565 revocavit,
1320 2496 1396 2549 non

181 2573 336 2645 obllnute
360 2568 555 2662 fidelitauc,
576 2570 616 2645 in
637 2593 722 2666 rege
749 2584 874 2647 eontra
893 2569 1151 2668 Tryphonem,
1175 2590 1258 2645 cum
1282 2566 1398 2668 tribua

181 2668 330 2741 millibus
349 2666 576 2763 Iudaeorum,
611 2663 855 2757 defendendo,
885 2663 1128 2749 demonstrata.
1175 2664 1282 2760 eujus
1308 2688 1392 2739 curn

181 2786 270 2839 mox
310 2761 478 2853 oenituit,
503 2784 585 2837 cum
602 2758 862 2850 unruocho,
885 2761 1076 2837 Alexandri
1087 2760 1189 2835 Balae
1205 2750 1300 2852 filio,
1321 2784 1395 2859 ope

185 2784 409 2955 Tryphonis,
433 2856 484 2931 est
505 2872 617 2953 regno
641 2854 783 2953 ejedlus.
831 2854 1053 2947 Antiochus,
1086 2857 1199 2933 rexS
1242 2856 1298 2931 iae
1319 2856 1394 2933 fac·

181 2972 256 3043 tus,
279 2950 484 3049 Jouathanis
499 2950 620 3027 auxilii
646 2950 806 3062 indigus,
832 2972 912 3027 eum
929 2952 991 3036 srbi
1018 2974 1197 3051 quoquea
1221 2950 1395 3045 sociavit,

181 3048 419 3150 confirmando
445 3048 631 3145 superiora
649 3046 858 3145 privilegia,
883 3066 922 3131 et
939 3048 1123 3125 Simonem
1146 3046 1291 3122 fratrem
1307 3071 1395 3122 con·

181 3142 359 3219 stituendo
380 3142 506 3217 'ducem
530 3142 677 3221 militiae
699 3143 803 3234 suae,
845 3160 902 3217 εει
931 3143 1121 3233 raefedlum
1141 3166 1233 3239 ‚orae
1258 3141 1395 3217 matitia

180 3262 272 3332 mac,
297 3264 320 3314 a
339 3242 441 3338 Tyro
463 3240 506 3313 ad
530 3238 663 3313 limites
684 3230 865 3347 AEgypti.
884 3168 1092 3348 tinemut
1114 3257 1259 3345 quoqne
1283 3235 1392 3346 Jona·

180 3336 278 3427 than,
304 3356 389 3411 cum
408 3334 573 3427 Simone,
597 3332 664 3431 ipsr
689 3337 857 3409 auxillum
881 3358 920 3407 m
949 3334 1064 3431 copiis
1080 3334 1285 3422 Demetru,
1309 3332 1393 3409 mrs-

179 3431 276 3507 suin
304 3431 517 3520 Galilaeam,
557 3429 802 3531 profligandis.
849 3426 1014 3519 Deinde,
1055 3426 1222 3519 Bethsura
1244 3451 1312 3525 per
1336 3428 1392 3505 si-

179 3550 320 3602 monem
349 3529 386 3602 in
411 3527 594 3619 Idumaea,
620 3548 709 3623 quae
732 3552 753 3601 a
777 3523 970 3625 gentilibus
994 3547 1037 3599 ac
1062 3520 1231 3632 apostatis
1272 3522 1393 3599 udaeia

179 3624 236 3697 diu
260 3623 386 3699 insell'a
410 3620 548 3709 fuerat,
580 3644 675 3719 expu
702 3640 803 3713 nata,
828 3619 995 3697 civitates
1021 3620 1213 3701 maritimas
1297 3620 1393 3695 kalo·

178 3740 275 3813 nem,
304 3720 437 3793 Gazam
456 3738 493 3793 et
510 3719 592 3793 alias
608 3647 700 3793 occ&

699 3717 812 3815 pauit.
861 3714 957 3801 Deni
982 3738 1028 3792 ue
1042 3714 1236 3813 Judaeam,
1265 3715 1392 3793 civita.
1421 3753 1426 3763 ·

177 3818 267 3890 tibus
291 3832 332 3888 et
350 3814 487 3888 arcibus
509 3812 655 3888 munitis
673 3812 820 3902 creetis,
844 3810 929 3889 uel'
1006 3811 1137 3902 uratia,
1163 3807 1324 3899 ornavit,
1350 3830 1391 3888 er
1505 3846 1509 3855 ¹

178 3910 346 3986 tutiorem
370 3909 542 3999 reddidit,
567 3908 838 4006 Hierosolymae
862 3928 1003 4005 quoque
1019 3930 1138 3984 muros
1163 3898 1391 4001 instauravit,

179 4024 216 4078 et
239 4008 371 4083 Arcem
394 4025 465 4081 tam
488 4004 583 4080 arete
607 4004 766 4095 inclusrt,
797 4003 870 4077 alto
894 4002 1015 4079 eredo
1046 4025 1169 4093 muro,
1211 4016 1252 4071 ut
1276 4003 1394 4083 omnia

180 4100 290 4176 aditur
318 4119 383 4175 aut
413 4102 531 4177 exitus
561 4101 672 4175 fuerit
703 4101 946 4197 interceptus,
990 4101 1079 4176 adeo
1111 4114 1151 4169 ut
1182 4095 1391 4191 praefidium

147 4236 149 4241 ,
177 4190 276 4271 brevi
299 4196 409 4272 suerit
433 4196 594 4272 coaeum
619 4196 693 4271 sese
715 4194 855 4271 dedere.
905 4194 1016 4271 Hisce
1040 4215 1112 4269 tam
1133 4190 1320 4286 praeclaris
1338 4190 1390 4266 fa·

177 4290 355 4366 cinoribus
380 4292 550 4391 peradtir,
578 4292 740 4385 tandem,
766 4291 970 4389 inproviso,
1001 4292 1042 4376 in
1063 4280 1272 4388 potestatem
1299 4284 1395 4387 Try·

170 4430 183 4467 ι,
226 4384 311 4463 Tum.
336 4390 389 4467 II.
730 4388 829 4489 Qqq
1241 4379 1394 4483 phonss,
