3575 5884
754 1178 1073 1288 emmaum.
1125 1206 1159 1295 1·
1332 1131 1334 1134 Ι
1394 1121 1520 1285 ¹175

322 1350 418 1439 suisset
438 1360 556 1462 μὴ,
582 1364 728 1476 longum
751 1361 906 1458 spatium-
923 1362 1020 1438 inter
1046 1356 1191 1439 initium
1214 1380 1254 1438 et
1279 1358 1388 1443 finem
1412 1388 1516 1443 reve·

311 1448 436 1535 lationis
449 1461 714 1551 rntercellillet,
739 1483 821 1537 cum
844 1478 917 1534 tres
932 1458 1100 1559 genuerit
1123 1460 1273 1551 liberor,
1299 1479 1338 1537 et
1361 1464 1516 1541 nonnisi

392 1556 665 1631 ablactationem
690 1554 920 1652 conceperit,
960 1581 996 1631 v.
1025 1563 1058 1635 8.
1103 1580 1139 1666 3.
1167 1556 1318 1632 Collatio
1414 1613 1425 1631 .
1451 1560 1518 1637 111.

363 1652 385 1727 d
407 1653 491 1727 leue
510 1652 649 1748 pondus
670 1651 788 1742 addit,
815 1675 896 1729 cum
920 1670 959 1726 et
972 1648 1039 1726 alia
1061 1650 1114 1726 ibr
1139 1650 1175 1725 sc
1191 1652 1338 1730 visronir
1348 1577 1527 1729 cgssfflmt.

289 1747 456 1840 criteria,
489 1767 531 1823 ut
552 1748 649 1846 quod
673 1770 803 1823 novam
822 1748 989 1845 jubeatur
1012 1747 1141 1823 ducere
1165 1773 1334 1842 uxorem,
1367 1773 1518 1848 eamque

285 1837 330 1920 in
347 1846 424 1941 ipso
452 1843 627 1919 adulterio
648 1867 785 1935 amare,
825 1868 916 1954 uxor
939 1867 1083 1942 quoque
1117 1842 1257 1920 dicatur
1288 1849 1397 1944 longo
1424 1867 1515 1922 tern-

282 1954 380 2033 pore
397 1938 543 2015 seorsim
566 1940 704 2033 astura,
734 1938 882 2017 erdem
905 1939 1172 2032 readsumenda,
1195 1941 1292 2041 quod
1313 1943 1420 2020 latiur
1440 1966 1518 2022 non

422 2060 478 2114 or.

280 2037 614 2306 ΞΨΕΙΧΧἸΗ.
640 2130 754 2205 Scena
768 2127 886 2229 itaque
906 2128 945 2204 in
969 2130 1169 2227 Prophetae
1193 2130 1447 2229 imaginatione
1462 2130 1516 2211 en

373 2246 455 2321 ,et
474 2226 544 2311 luc
565 2224 706 2303 ratione
728 2224 905 2303 instructa.
954 2224 1062 2303 Visus
1085 2226 1149 2303 fibi
1174 2226 1226 2303 est
1244 2228 1337 2326 jussu
1361 2228 1433 2303 Dei
1451 2229 1514 2303 du·

285 2346 374 2437 core
392 2324 721 2433 amoenet,
746 2322 854 2433 liliam
867 2320 1089 2434 chlenem,
1114 2323 1318 2436 mulierem,
1344 2344 1391 2400 ex
1416 2324 1513 2398 scor·

286 2417 946 2606 mmmmm
964 2419 1515 2617 leaenarum:

240 2662 243 2667 -
336 2613 522 2705 ociavit,
547 2610 672 2711 quibua
695 2607 883 2687 nominas
899 2608 1052 2686 mbolica
1075 2611 1155 2687 sunt
1181 2613 1353 2710 inposita,
1379 2613 1512 2714 gravis·

395 2706 649 2808 pandentia
674 2705 821 2806 judicia.
908 2704 977 2781 isus
1006 2706 1073 2782 fibi
1095 2729 1277 2805 praeterea
1307 2710 1360 2784 est
1391 2715 1512 2787 Deum

290 2804 439 2897 urdire,
463 2804 520 2879 hia
541 2801 660 2879 libcrir
682 2801 770 2879 ins
820 2824 880 2875 um
904 2800 1035 2877 excidii
1087 2803 1184 2901 opuli
1207 2802 1341 2880 israelis
1356 2805 1511 2903 genitis,

289 2921 457 3000 tanqum
485 2921 684 2990 oratorem,
722 2899 762 2998 J'u
787 2896 856 2973 rcia
886 2895 944 2972 illa
969 2826 1231 2995 juffiImntem.
1279 2900 1379 3006 Quae
1406 2901 1513 2979 scena

290 3000 388 3073 nulla
413 2996 542 3073 laborat
562 2995 791 3087 difficultate,
816 2991 924 3069 modo
949 2994 1186 3087 observem,
1200 2995 1409 3110 quodlupra
1427 2999 1512 3072 teti·

289 3093 351 3193 gi,
376 3096 540 3169 malim
553 3092 792 3189 sanationum
816 3113 890 3165 non
914 3089 1006 3182 effe,
1035 3114 1127 3188 quae
1150 3112 1233 3167 ante
1257 3116 1416 3193 nuptias,
1448 3090 1510 3171 sed

285 3187 478 3289 pollines,
502 3189 654 3263 scortata
669 3185 741 3280 est,
766 3206 803 3262 et
817 3186 948 3261 liberos
964 3210 1038 3261 non
1057 3211 1102 3261 ex
1118 3190 1312 3288 propheta,
1338 3191 1507 3290 legitimo

284 3284 440 3376 mrito,
465 3284 525 3360 ed
546 3308 596 3359 ex
611 3282 706 3373 alio,
721 3305 885 3454 65uocum
910 3282 1122 3375 concubuit,
1146 3307 1193 3381 pe
1227 3287 1299 3361 rit.
1348 3291 1508 3363 Praeter·

284 3405 391 3588 nn
412 3378 819 3586 terrane
840 3377 1508 3587 ernnnnnnn

286 3574 517 3663 admittatur,
547 3572 747 3663 aberratur3
788 3573 891 3649 liberi
915 3594 1012 3645 enrrn
1037 3572 1289 3647 scortauonum
1319 3571 1396 3667 post
1419 3594 1508 3668 nup·

289 3668 357 3744 n'ar
378 3669 461 3753 sunt
481 3667 627 3767 gertiti,
656 3688 694 3743 ct
715 3665 882 3768 mysticus
905 3666 1102 3742 intelleelus
1127 3667 1164 3742 id
1187 3665 1357 3763 requirit,
1381 3694 1422 3745 ac
1449 3691 1506 3745 ret

284 3765 380 3865 ipsa,
405 3787 487 3839 curn
509 3764 685 3839 israelitae
708 3763 771 3839 hic
794 3763 888 3860 pae‘li
913 3762 1177 3838 matrimonialis
1202 3763 1326 3839 violati
1342 3769 1504 3842 accusen-

282 3884 365 3952 tm
388 3860 465 3936 vid.
490 3881 528 3934 et
553 3884 584 3936 c.
609 3863 657 3935 II:
684 3868 719 3936 ό.
765 3861 948 3937 Praeterea
964 3860 1089 3932 mulier
1111 3860 1362 3938 scortationum
1387 3865 1504 3959 adpel-

284 3962 378 4036 amr
408 3954 567 4052 respeciu
599 3958 797 4031 liberormn-
818 3956 1093 4047 scortationum,
1134 3981 1219 4054 ergo
1239 3983 1317 4033 non
1340 3959 1403 4033 nin
1428 3957 1506 4053 post

266 4053 428 4152 nuptias
446 4051 657 4128 -oomrnttm
706 4050 879 4148 Denique.
905 4049 1071 4148 mystIcus
1103 4052 1299 4129 intellectus
1324 4054 1406 4130 illud
1428 4055 1503 4128 exi·

285 4152 362 4249 git,
403 4172 487 4223 curn
520 4146 705 4222 Israelitae-
725 4147 788 4223 hic
821 4146 1123 4242 represententur,
1164 4172 1325 4247 tanquam
1350 4151 1505 4227 foederis

282 4245 379 4420 ssia
402 4246 477 4337 rei,
502 4244 583 4342 qui,
607 4269 628 4320 a
651 4245 735 4318 Deo
760 4243 824 4321 sihi
848 4241 1034 4338 adsociati,
1068 4247 1111 4322 ab
1136 4272 1181 4323 eo
1197 4271 1259 4345 per
1273 4247 1506 4329 idololatrian

308 4360 503 4419 eecemnt.
687 4384 690 4389 <

296 4488 301 4497 -
324 4439 361 4539 5.
379 4438 619 4515 CLXXVIII.
639 4436 775 4512 Lineas
788 4438 1063 4535 comparationis
1076 4439 1228 4525 ducere,
1244 4434 1358 4511 etvisr
1371 4439 1504 4534 specia-

277 4538 353 4612 lem
373 4534 652 4627 explicationem
678 4534 837 4624 tradere,
872 4557 952 4612 turn
976 4538 1078 4635 hujus
1099 4560 1173 4610 non
1200 4533 1240 4607 srt
1263 4533 1356 4624 loti,
1389 4536 1432 4607 de
1458 4534 1505 4603 al-

280 4650 364 4709 teru
384 4630 462 4735 viso
483 4652 565 4732 cap.
585 4633 654 4710 ffl.
679 4652 791 4730 pauca
807 4631 1030 4801 sub5ungam.
1071 4631 1135 4711 Ad
1149 4628 1274 4707 scenae
1299 4625 1515 4719 cuustwste

924 4748 949 4816 4
1401 4745 1508 4800 onem

1547 4842 1638 5058 l
