3575 5884
261 617 1616 875 u

612 916 624 927 r

744 1074 975 1174 faelem:
1286 1121 1289 1127 ·
1435 1095 1508 1178 601

268 1274 425 1361 tandem
459 1275 801 1379 Carthaginiensibus
846 1277 1044 1354 diriffimam
1075 1275 1174 1354 dedit
1207 1300 1360 1379 pacem:
1409 1302 1505 1355 anno

272 1378 367 1460 belli
396 1400 515 1473 17mo,
540 1382 601 1507 ‘lm
627 1375 679 1451 est
703 1380 749 1452 U.
776 1378 816 1450 C.
842 1397 926 1469 553·
1026 1423 1031 1431 -
1454 1469 1462 1484 υ

285 1475 617 1575 -·§.·D1.xxv11.
661 1469 988 1567 gr'Macedonicum,
1031 1471 1185 1568 ejusdem
1211 1472 1286 1547 fere
1310 1481 1517 1567 temporis-,¹

274 1573 370 1650 cum
396 1569 563 1668 Philippo
588 1570 665 1648 lldo
693 1592 797 1665 rege,
839 1566 995 1641 libertati
1023 1568 1244 1644 Athenarum
1278 1589 1315 1642 et
1349 1571 1506 1643 Gracco-

276 1667 366 1744 mr'n
397 1665 625 1756 inminente,
668 1689 688 1737 a
722 1662 892 1738 Flaminio
926 1663 969 1739 ad
1003 1666 1267 1762 Cynocephalas
1308 1664 1507 1738 Thessaliae

277 1761 399 1865 profli
445 1780 496 1835 to.·
543 1785 577 1851 4.
603 1758 785 1852 Asturicum
817 1781 899 1832 cum
924 1757 1108 1834 Antiocho
1134 1763 1212 1853 M.,
1252 1761 1507 1837 Lsrmachiam

279 1860 387 1939 Cher
403 1857 499 1931 onesi
526 1853 704 1930 Thraciae
737 1873 945 1952 repetente,
987 1856 1080 1953 quod
1114 1854 1178 2025 ipsi
1212 1881 1257 1952 pe
1285 1881 1354 1931 rme
1389 1858 1506 1934 celht:

285 1976 339 2037 ut
365 1954 407 2028 in
438 1954 513 2053 ejus
537 1949 683 2029 historia
715 1970 888 2026 narratum
921 1951 972 2025 est
1004 1952 1105 2050 supra
1146 1976 1190 2026 uo
1224 1953 1315 2026 loco.
1363 1954 1510 2031 Accidit

282 2078 318 2130 a.
349 2051 400 2126 U.
428 2052 468 2124 C.
494 2056 578 2139 565.
627 2069 662 2138 5.
687 2050 936 2124 Macedonicum
961 2050 1125 2137 tertium,
1151 2071 1232 2122 cum
1256 2049 1402 2139 Perseo,
1423 2051 1518 2123 'ulti'

283 2164 355 2225 mo
381 2167 489 2241 rege,
513 2142 557 2221 ab
574 2141 740 2218 AEmilio
767 2145 873 2218 Paulo
898 2145 939 2218 ad
956 2145 1110 2313 {pdnam
1134 2143 1323 2242 profligato
1341 2168 1371 2219 a.
1397 2148 1442 2221 U.
1469 2148 1510 2227 C.

286 2244 394 2338 365,
417 2258 543 2337 capto,
569 2240 605 2313 ei
625 2240 661 2313 in
687 2240 904 2337 triumphurn
922 2241 967 2314 du
1006 2265 1039 2315 ο.
1088 2247 1122 2315 6.
1147 2241 1306 2314 Punicam
1325 2239 1514 2333 Tertium,

287 2363 342 2416 ex
372 2336 459 2412 odio
482 2336 593 2431 magis
617 2337 877 2424 Romanorum,
913 2356 951 2410 et
979 2336 1151 2410 desiderio
1176 2335 1342 2410 delendae
1368 2338 1513 2412 Cartha·

317 2433 412 2523 nis,
455 2456 580 2531 quam,
623 2430 676 2504 uti
700 2435 991 2529 praetexebatur,
1036 2432 1128 2542 quod
1153 2431 1365 2507 Mafiniffam
1389 2451 1515 2512 contra

309 2529 423 2605 oedus
458 2529 764 2627 oppugnaverint,
806 2549 944 2616 ortum,
987 2546 1025 2600 et
1050 2552 1089 2605 m
1123 2528 1265 2602 excidio
1292 2527 1515 2626 Carthaginis

292 2623 537 2702 terminatum.
586 2622 710 2720 Scipio
745 2624 840 2698 enim
876 2622 1123 2713 AEmilianus,
1165 2623 1354 2700 Africanus
1386 2624 1515 2721 Junior

290 2721 431 2812 didius,
473 2742 549 2794 eam
576 2718 872 2811 circumvallavit,
906 2717 1143 2818 expugnavit,
1178 2738 1215 2791 et
1238 2719 1396 2793 funditus
1420 2720 1515 2796 dele·

291 2818 373 2909 vit,
415 2838 461 2891 ex
495 2815 669 2890 sententia
704 2816 870 2906 Catonis,
912 2813 1096 2920 polluam
1125 2813 1272 2890 stetiffet
1304 2839 1384 2891 ann:
1428 2820 1522 2914 700.

293 2933 330 3012 7.
355 2913 559 3000 Achaicum,
590 2934 659 3007 quo
685 2909 899 3002 Corinthus,
925 2909 998 3002 cui
1039 2909 1158 2984 omani
1186 2911 1232 2984 ob
1258 2911 1459 2988 libertatem
1476 2932 1516 2991 et

293 3031 386 3108 opes
413 3008 641 3097 invidebant,
683 3005 800 3081 excisa
825 3006 875 3082 est
934 3029 972 3079 er
992 3005 1231 3098 Mummium,
1264 3008 1357 3104 quod
1382 3008 1517 3089 scilicet

294 3103 406 3203 legati
441 3103 595 3177 Romani
620 3102 671 3177 ibi
704 3101 828 3183 violati
857 3127 877 3175 e
907 3119 968 3175 ent
1003 3125 1033 3177 a.
1059 3094 1107 3178 U.
1141 3108 1226 3184 606.
1278 3113 1310 3185 8.
1334 3107 1516 3183 Numanti.

293 3226 373 3276 num
392 3217 516 3273 contra
536 3198 788 3290 Numantiam,
815 3198 908 3296 quod
932 3196 1049 3271 hostes
1066 3200 1310 3275 Romanorum
1337 3221 1518 3298 tueretur,

294 3296 334 3372 ln
360 3295 468 3370 initio
502 3295 606 3368 fatale
637 3313 675 3368 et
706 3293 980 3394 ignominiosum
1008 3294 1202 3385 Romanis,
1244 3296 1357 3371 sexies
1389 3297 1520 3392 victis,

295 3390 405 3468 etad
432 3407 573 3489 turpem
597 3413 722 3493 pacem
749 3388 945 3465 faciendam
966 3389 1132 3465 redactis:
1158 3412 1224 3489 qua
1249 3415 1268 3464 a
1294 3393 1425 3465 Senatu
1439 3395 1520 3466 Ro·

295 3509 403 3564 mano
421 3486 627 3585 inprobata,
653 3485 777 3584 Scipio
800 3486 1048 3576 AEmilianus,
1073 3510 1119 3561 eo
1147 3484 1285 3577 mill‘us,
1310 3509 1386 3560 rem
1416 3487 1518 3566 resti·

294 3585 392 3672 tuit,
414 3608 455 3659 ac
479 3581 708 3664 Numantiam
733 3582 885 3673 delevit,
912 3582 1050 3658 civibus
1072 3580 1202 3656 mutuis
1219 3581 1383 3658 caedibus
1409 3585 1519 3661 inter·

295 3680 421 3772 seclis,
446 3703 477 3755 a.
502 3681 549 3754 U.
577 3686 659 3753 620.
706 3702 741 3770 9.
770 3681 962 3775 Cimbricum
988 3696 1111 3752 contra
1128 3678 1289 3754 Cimbros
1312 3699 1351 3754 et
1379 3683 1519 3756 Teuto-

295 3801 381 3866 nes,
416 3772 628 3851 Germaniae
649 3776 819 3874 populos:
846 3775 926 3873 qui,
961 3774 1071 3850 Gallia
1100 3794 1246 3865 vexata,
1272 3775 1310 3851 in
1337 3777 1519 3854 Romanos

273 3872 462 3971 -inpetum
490 3869 673 3962 fecerunt,
716 3890 753 3944 et
773 3892 924 3969 quatuor
951 3869 1126 3946 exercitus
1152 3873 1349 3949 consulares
1371 3875 1432 3947 sub
1461 3874 1519 3947 Si·

296 3970 400 4060 lano,
425 3967 557 4057 Callro,
584 3966 763 4065 Caepione
791 3986 829 4041 et
852 3967 1011 4057 Manlio,
1037 3967 1262 4064 deleverunt,
1289 3968 1425 4069 quando
1443 3976 1522 4046 tau·¹

297 4066 380 4141 dem
406 4065 611 4154 Teutones,
646 4090 666 4138 a
689 4063 841 4138 Cimbris
864 4062 1034 4160 sejuncti,
1067 4063 1109 4138 ad
1135 4064 1253 4164 Aquas
1275 4064 1413 4139 Sextias
1439 4065 1521 4142 suna

297 4159 432 4239 devicti
455 4185 475 4234 a
501 4159 643 4252 Mario,
683 4178 721 4233 et
746 4183 831 4234 mox
863 4161 908 4233 ab
936 4159 1062 4232 eodem
1088 4159 1223 4236 Cimbri
1253 4159 1296 4234 ad
1324 4160 1518 4247 Vercellas,

301 4280 360 4336 10.
387 4254 626 4353 Jugurtlu'num
651 4274 775 4330 contra
795 4255 1004 4354 Jugurtham
1029 4280 1059 4334 a.
1085 4259 1132 4334 U.
1159 4262 1198 4330 C.
1225 4262 1293 4349 643
1319 4255 1422 4353 regni
1438 4258 1519 4330 Nu-

297 4354 449 4443 midiae,
477 4351 644 4450 opprellls
661 4351 860 4428 Masmillae
877 4352 1106 4444 haeredibus,
1125 4350 1342 4444 invasorem,
1368 4352 1520 4451 turpiter

289 4449 478 4633 fiessuma
506 4449 652 4523 ducibus
684 4448 879 4541 Romanis,
917 4452 1070 4550 pecunia
1095 4445 1292 4544 corruptis,
1333 4447 1416 4523 dein
1442 4448 1520 4559 glo·

329 4547 389 4626 ose
412 4546 554 4630 finitum
580 4569 601 4625 a
627 4545 783 4627 Metello
804 4547 930 4637 eona,
963 4546 1023 4645 qui
1054 4544 1151 4623 ilua
1176 4544 1280 4644 regni
1304 4543 1434 4626 finibus
1457 4567 1530 4621 ex.

680 4790 683 4796 1
832 4641 964 4750 Gaas
1401 4638 1518 4749 punt,

1559 4847 1616 5075 r
