3575 5884
285 1138 361 1241 '422
629 1141 773 1249 luston
797 1077 1034 1247 Erclefiustitu
1053 1138 1096 1226 V.
1123 1139 1168 1224 Y.
1358 1180 1364 1188 ·

287 1323 436 1425 perstite
452 1328 535 1424 Rex
557 1329 733 1431 praeclare
757 1328 1074 1407 adminiſtraverit:
1098 1350 1223 1405 verum
1248 1324 1290 1403 ad
1314 1325 1418 1426 regni
1442 1350 1507 1425 gu-

288 1425 554 1516 uenationem,
594 1447 674 1501 ann.
703 1448 749 1518 14
773 1443 896 1521 natus,
927 1426 1108 1517 admotus,
1141 1442 1180 1500 et
1203 1426 1247 1500 ab
1270 1425 1504 1499 adulatoribus

288 1541 492 1620 corruptus,
535 1520 797 1597 Aristomenem
818 1534 962 1597 veneno
989 1523 1143 1611 sustulit,
1186 1538 1225 1594 er
1247 1521 1435 1612 efferatus,
1466 1538 1507 1595 ut

287 1616 397 1693 Diod.
423 1618 491 1693 Sic.
517 1616 556 1690 in
579 1620 749 1716 Excerpt.
776 1617 909 1694 Valesri
935 1619 1047 1710 dicit,
1079 1621 1286 1715 mammam
1300 1614 1507 1711 saevitiam,

285 1714 348 1788 'non
374 1718 497 1809 regiam
517 1714 729 1811 potestatem,
746 1715 896 1811 fiuntur
917 1714 983 1810 est:
1009 1738 1117 1812 aquo
1141 1733 1301 1810 ternpore
1326 1712 1368 1786 in
1385 1714 1507 1787 odium

285 1810 411 1915 populi
438 1808 587 1900 incidit,
620 1812 708 1884 adeo
731 1831 790 1901 ut,
823 1810 949 1884 eodem
974 1832 1098 1885 autore
1123 1807 1231 1898 teste,
1260 1829 1382 1906 parum
1408 1808 1503 1903 afue-

272 1908 351 1995 pit,
393 1910 467 2004 quin
499 1931 595 2002 regno
619 1905 793 2001 excidiffrt.
842 1905 972 1978 Sedato
1004 1907 1154 1980 tumultu
1178 1928 1246 2001 per
1268 1903 1503 1996 Polictatem,

282 2000 492 2113 primarium
518 2002 647 2076 facturn
683 2001 896 2092 ministrum,
935 2000 1115 2100 principes
1140 2001 1257 2090 viros,
1297 2001 1360 2098 qui
1383 2021 1504 2077 contra

283 2097 401 2268 {psum
434 2099 752 2196 conspiraverant,
788 2118 912 2173 contra
943 2097 1058 2174 datam
1091 2098 1220 2186 fidem,
1262 2097 1499 2172 obtruncavit.

327 2195 420 2269 uitus
451 2194 533 2269 dein
560 2196 630 2267 sese
664 2194 715 2267 est
738 2219 805 2291 per
837 2193 1029 2270 amicitiam
1061 2217 1142 2268 curn
1168 2192 1359 2282 Roma—nis,
1399 2217 1504 2289 quarn

283 2288 488 2365 'constanter
514 2291 644 2379 coluit,
670 2312 742 2362 non
768 2289 950 2377 obstante,
982 2291 1076 2387 quod
1090 2288 1293 2363 Antiochus
1316 2290 1394 2378 M„
1427 2289 1501 2362 filia

282 2387 473 2483 Cleopatra
506 2384 588 2481 ipsi,
630 2409 712 2457 cum
745 2384 831 2457 dote
864 2385 1084 2481 Coelesyriae
1119 2404 1156 2458 et
1185 2383 1419 2475 Palaestinae,
1461 2384 1501 2460 in

282 2506 433 2556 uxorem
455 2479 565 2568 data,
598 2481 694 2553 omni
721 2503 791 2576 ope
817 2504 837 2552 a
864 2480 1035 2554 Romanis
1062 2499 1206 2553 conatus
1240 2479 1350 2554 fuerit
1372 2479 1500 2556 abstra-

281 2578 392 2667 here,
434 2577 505 2674 ipsa
536 2574 643 2648 etiarn
668 2578 852 2673 Cleopatra
882 2576 1009 2649 marito
1034 2595 1160 2650 contra
1185 2576 1431 2667 Antiochum,
1462 2596 1500 2652 et

281 2677 323 2752 in
349 2675 589 2748 Romanorum
615 2672 738 2747 favore
762 2671 1024 2762 conservando,
1056 2671 1188 2746 adfuit:
1222 2692 1262 2746 ut
1290 2671 1331 2747 in
1353 2672 1501 2748 historia

281 2768 460 2847 ¹Antiochi
493 2768 696 2857 observavi,
741 2767 839 2846 etin
866 2771 1001 2843 Comm.
1033 2768 1077 2841 ad
1101 2769 1193 2843 Dan.
1217 2769 1283 2841 Xl:
1311 2791 1396 2863 17.;
1434 2768 1496 2844 ubi

277 2862 495 2969 prophetiae
525 2860 665 2932 dehoc
690 2862 766 2958 ipso
796 2863 875 2936 casu
898 2862 1173 2961 explicationem
1197 2863 1301 2954 dedi,
1326 2882 1366 2937 et
1389 2866 1497 2962 inple·

276 2976 441 3044 mentum
463 2954 708 3031 demonstravi.
755 2957 873 3048 Dein,
899 2980 1041 3033 mortuo
1057 2961 1241 3033 Antiocho
1258 2961 1338 3049 M„
1364 2960 1497 3055 infidias

272 3053 387 3156 struxi
414 3050 603 3140 edicitur,
638 3051 730 3148 apud
753 3052 904 3129 Hieron.
928 3055 971 3128 ad
993 3058 1086 3128 Dan.
1112 3080 1156 3130 err
1183 3055 1405 3152 Porphyris,
1439 3062 1498 3132 Se·

280 3154 383 3226 leuco
410 3146 644 3243 Philopatoti,
670 3147 745 3220 filio
770 3150 865 3246 ejus,
898 3169 936 3222 et
961 3156 1140 3225 exercitum
1166 3169 1375 3227 contraeunt
1400 3174 1497 3249 prae·

276 3242 429 3347 ‘porufftt
460 3243 559 3341 cujus
583 3243 675 3316 ratio
704 3244 787 3318 inde
807 3245 947 3319 videtur
972 3248 1183 3341 repetenda,
1217 3246 1310 3344 quod
1336 3250 1499 3347 Coelesy·

280 3343 372 3418 riam
404 3360 442 3416 et
466 3339 650 3440 Judaeum,
690 3343 731 3415 ab
764 3341 951 3415 Antiocho
984 3344 1041 3417 M.
1074 3343 1167 3416 dotis
1198 3343 1347 3417 nomine
1379 3347 1493 3419 Ptole·

274 3465 383 3517 unaeo
410 3435 632 3538 promillam,
666 3437 852 3511 retinuerit
878 3439 1061 3528 Seleucus,
1093 3439 1172 3528 vel,
1213 3437 1366 3514 stantes
1389 3441 1498 3515 fuerit

273 3535 431 3624 ¹arodita,
471 3532 743 3633 recuperaverit.
790 3532 926 3630 Utique
952 3535 1046 3608 nullo
1079 3533 1214 3608 constat
1241 3534 1400 3627 lndicio,
1441 3561 1500 3613 eas·

276 3631 447 3738 regiones
476 3654 626 3727 unquam
662 3629 699 3702 in
734 3627 905 3725 potestate
936 3630 1127 3704 Ptolemaei
1158 3629 1273 3704 fuine.
1330 3634 1389 3705 De
1425 3656 1492 3730 quo

151 3789 155 3799 .
273 3726 370 3801 'Vrd
406 3727 542 3800 Corum.
561 3724 694 3830 ‚noster
717 3727 758 3798 ad
791 3728 880 3800 Dan.
907 3727 969 3799 Xl.
996 3725 1029 3824 §.
1054 3747 1112 3819 79.
1162 3726 1325 3800 Tandem
1346 3752 1497 3825 regnum

271 3817 464 3897 stultam
494 3845 559 3917 per
591 3820 819 3912 violentiam,
862 3840 899 3894 et
925 3821 1166 3918 tyrannidem,
1206 3822 1298 3896 suarn
1326 3825 1497 3920 perdidit.

276 3920 342 3996 Ro
369 3936 462 4003 atos,
505 3920 590 3988 aride·
608 3921 781 4012 pecuniam
807 3923 991 4012 acciperet,
1031 3916 1230 4014 respondit,
1273 3936 1313 3990 ut
1340 3921 1497 3996 Hieron..

274 4039 329 4093 :ex
345 3943 551 4109 iorphyrio
577 4012 707 4100 refert,
725 4011 794 4105 fili
822 4019 941 4089 attritos
968 4014 1028 4110 ff
1052 4019 1196 4088 divitias.
1244 4014 1319 4116 Quo
1347 4017 1491 4114 responso

276 4117 446 4209 'divulgato
469 4112 501 4180 in
522 4111 668 4200 populis,
702 4111 808 4180 verba
834 4110 912 4182 sunt
935 4111 1143 4207 Porphyrii,
1178 4117 1353 4184 notuerunt
1376 4117 1496 4204 duces,

274 4210 322 4282 ‘rte
357 4208 501 4302 artferret
526 4226 629 4273 eorum
654 4201 896 4299 substantium,
931 4223 962 4277 et
987 4209 1108 4282 idcirco
1131 4208 1231 4306 ipsum
1255 4209 1414 4301 rataltficr's
1436 4236 1491 4284 ar·

277 4310 369 4382 ‚tibus
395 4305 593 4384 occiderunt,
627 4298 807 4392 Regnavit
830 4322 909 4373 ann.
938 4321 995 4388 24.
1478 4361 1480 4365 ,

327 4398 358 4496 §.
385 4394 639 4469 ccccxxvi.
664 4392 817 4466 Ultimus
829 4394 933 4488 hujus
959 4393 1133 4470 intervalli
1152 4419 1216 4471 rex
1240 4395 1291 4471 est
1308 4397 1491 4475 Ptolemae·

269 4518 340 4586 as,
385 4495 429 4567 ob
455 4512 591 4587 gratum
623 4513 705 4588 erga
729 4508 897 4581 matrem,
937 4513 1024 4584 quae
1049 4491 1161 4588 spatio
1185 4493 1268 4568 orto
1298 4515 1490 4587 annorum,

275 4609 442 4695 ‚tenpore
466 4583 749 4691 minorennium
773 4585 868 4696 eju,
891 4607 1038 4689 regnum
1057 4585 1251 4696 prudenter
1273 4589 1494 4671 adamans·
