3575 5884
294 1124 375 1226 5'18'·
640 1126 788 1229 ssston‘a
808 1124 1048 1229 Eccleſsaflica
1063 1126 1112 1207 TV.
1137 1122 1180 1203 T.

293 1311 485 1389 mentione.
535 1311 639 1408 Cujus
671 1309 844 1385 indicium
878 1311 951 1385 sese
983 1312 1045 1385 sub
1081 1308 1181 1383 vitae
1221 1306 1340 1394 finem
1375 1315 1534 1395 maxime

294 1410 473 1519 prodidit:
505 1431 576 1504 quo
598 1408 706 1480 multa
728 1408 773 1481 ad
798 1430 881 1484 eum
909 1408 1007 1481 omni
1036 1409 1127 1507 bona
1154 1416 1280 1487 niente
1356 1410 1527 1489 'vandum

290 1524 558 1583 concurrenmt.
583 1503 694 1578 Nova
707 1504 972 1603 conspiratione
979 1500 1187 1599 Antipatri,
1202 1501 1271 1583 filii
1289 1530 1391 1611 ejus,
1411 1529 1526 1605 tegno

296 1602 476 1691 destinati,
502 1622 540 1675 et
556 1602 753 1691 Pherorae‚
767 1601 887 1679 fratris
904 1602 999 1698 ejus,
1018 1616 1143 1673 contra
1157 1600 1278 1696 ipsunt
1297 1603 1464 1696 detesto,
1485 1628 1525 1683 et

293 1697 475 1796 Antipatri
501 1696 680 1789 custodia,
715 1696 753 1770 in
776 1720 903 1773 necem
927 1697 1003 1793 ejus
1025 1696 1131 1793 paulo
1155 1714 1242 1775 ante
1262 1720 1426 1783 mortem
1449 1705 1521 1780 He·

291 1792 388 1869 rodis
404 1814 580 1885 exeunte,
603 1794 822 1869 conscientia
844 1793 979 1892 ipstmr,
1001 1792 1041 1867 in
1059 1791 1183 1888 primis
1200 1795 1429 1879 Mariamnes
1445 1823 1521 1877 cae·

286 1890 345 1965 dis
373 1893 493 1983 causa,
527 1892 728 1980 cruciante,
770 1894 896 1965 morbo
920 1888 1120 1987 periculoso
1147 1907 1186 1961 et
1212 1892 1385 1971 doloroso
1409 1895 1518 1999 ipsum

290 2010 382 2064 occu
429 2009 509 2078 nte,
536 1989 748 2087 Judaeorum
772 1986 858 2063 odio
876 1985 1178 2061 omni-occasione
1195 1985 1268 2067 sese
1294 1990 1517 2069 manifestan-

290 2102 350 2175 te,
384 2086 459 2185 rpse
489 2086 526 2159 in
551 2085 637 2160 iram
659 2084 844 2175 efferatus,
878 2104 917 2158 et
939 2102 1101 2179 tunquam
1134 2081 1295 2176 insanus,
1338 2088 1384 2171 ad
1411 2114 1511 2189 quae·

290 2180 347 2255 vis
374 2182 531 2257 facinora
559 2181 797 2265 exstimulatus
819 2178 914 2270 suit,
950 2179 1027 2252 sere
1053 2178 1159 2254 instar
1182 2180 1276 2258 stuli
1305 2184 1428 2276 oiim„
1447 2214 1514 2262 mu·

290 2280 322 2351 so
336 2278 461 2377 spiritu
486 2277 645 2375 agitatus,
692 2282 782 2352 Cum
808 2276 1187 2373 monomachias,
1236 2278 1511 2379 'ubliciJudueo

287 2382 369 2449 ¹¹rurn
392 2375 575 2463 dotiotes,
600 2395 638 2446 et
655 2374 756 2447 mide
779 2370 952 2447 aestimati
963 2410 978 2462 ,·
1001 2373 1147 2460 coslesta
1169 2300 1428 2471 digiprdorum
1441 2365 1524 2480 mas

288 2492 358 2563 nu,
400 2471 494 2545 sama
520 2469 646 2542 mortis
671 2470 746 2566 ejus
771 2468 856 2545 falso
887 2469 1051 2567 vulgata,
1094 2492 1215 2544 manus
1243 2472 1405 2570 injicere
1429 2500 1509 2563 coe·

287 2567 408 2739 pppint
431 2567 470 2642 in
494 2588 605 2664 opera
629 2565 806 2655 Herodis,
848 2566 1117 2665 Hierosolymae
1144 2578 1284 2642 contra¹
1306 2572 1427 2669 legem
1452 2597 1509 2653 gg.

362 2662 437 2755 tin,
461 2662 570 2741 initio
592 2660 687 2737 sudio
709 2665 751 2735 ab
769 2665 880 2774 aquila
903 2684 1005 2738 aurea
1024 2663 1132 2761 supet
1155 2685 1260 2759 porta
1287 2664 1435 2766 Templi
1447 2668 1506 2751 de·

288 2760 379 2834 ‘esta
402 2780 440 2834 et
455 2759 652 2847 constristo,
677 2757 742 2852 ipsr
768 2757 1031 2835 vivicomburio
1060 2759 1204 2858 expiare
1228 2761 1432 2839 debuerunt
1446 2764 1503 2843 do

301 2855 408 2928 istum
431 2854 540 2937 suum,
588 2853 750 2943 Deinde,
775 2876 821 2927 ne
845 2854 971 2949 Judaei
995 2855 1099 2953 super
1121 2874 1240 2930 morte
1262 2857 1325 2939 sua
1341 2861 1503 2950 lactarem·

285 2970 365 3040 tur,
390 2947 526 3030 nobiles
552 2950 767 3045 Judaeorum
791 2952 937 3041 ornnes,
971 2952 1014 3026 ad
1036 2953 1072 3026 se
1096 2972 1266 3045 vocatos,
1297 2956 1423 3048 circo,
1447 2960 1502 3031 seu

284 3045 548 3144 hippodrom0,
586 3045 744 3138 inclusit,
775 3066 813 3121 et
838 3047 947 3121 sorori
973 3050 1052 3123 suae
1075 3048 1226 3138 salomi,
1262 3051 1409 3159 ejusque
1434 3077 1502 3135 tna·

284 3144 378 3233 tito,
404 3142 442 3217 in
462 3141 642 3233 mandatis,
658 3143 777 3233 dedit,
804 3162 864 3232 ut,
891 3167 971 3217 cum
1001 3145 1161 3233 obiisset,
1188 3152 1314 3225 omnes
1332 3149 1503 3226 militibus

282 3243 533 3340 cingerentur,
558 3258 595 3310 et
616 3238 740 3334 jaculis
765 3241 1045 3313 conficerentur:
1072 3242 1166 3338 quod
1188 3260 1306 3317 tamen
1331 3243 1501 3327 exsecuti»

283 3340 347 3419 oni
371 3360 443 3414 non
476 3333 528 3411 est
554 3336 763 3410 mandatum.
814 3338 981 3411 Mortuus
1009 3340 1150 3418 tandem
1176 3337 1227 3411 est
1251 3338 1347 3418 inter
1373 3339 1499 3425 intole-

283 3438 412 3513 rabiles
439 3433 634 3522 cruciatus,
659 3457 739 3506 cum
765 3431 906 3505 foetore
924 3433 1057 3507 summo
1076 3432 1304 3531 conjundios,
1328 3438 1429 3535 cujus
1446 3439 1499 3523 roi

281 3532 560 3630 descriptionem
578 3529 676 3604 dedit
699 3529 769 3628 Jos.
795 3530 880 3603 Ant.
909 3534 930 3604 i.
949 3532 1070 3604 XVII.
1096 3532 1245 3631 et‘B4J.
1271 3533 1301 3615 Ι,
1326 3556 1371 3607 ac
1388 3558 1435 3615 ex
1453 3558 1498 3620 eo

279 3628 408 3707 Euseb.
435 3630 484 3703 1-1.
510 3628 551 3703 E.
576 3630 597 3702 1.
624 3629 653 3700 Ι.
679 3650 757 3700 ann.
777 3648 874 3720 pomo
899 3627 1041 3715 aetatis,
1066 3625 1168 3722 regni
1194 3650 1293 3720 37mo
1315 3629 1498 3731 aptiore,

281 3745 321 3802 ct
348 3742 426 3821 34t0
452 3747 472 3797 a
495 3722 692 3819 posteriore
716 3722 871 3819 epocha,
898 3740 936 3795 ut
960 3723 1059 3820 supra
1084 3723 1246 3798 vidimus.

328 3822 360 3921 s.
387 3822 470 3893 Dls.
509 3819 609 3920 Quae
633 3818 754 3892 ultima
777 3819 879 3987 repul
905 3818 979 3914 ejus
1002 3820 1121 3909 scena,
1153 3818 1192 3891 in
1219 3820 1308 3894 Anti
1337 3823 1431 3914 atri,
1459 3842 1496 3896 et

278 3919 483 4001 Pherorae,
529 3915 792 4009 conspiratione
834 3934 899 4004 tta,
944 3915 1116 3989 nonnullis
1146 3917 1237 4011 apud
1261 3846 1335 4013 Joi.
1361 3921 1446 3995 Ant.
1472 3920 1493 4004 i,

281 4019 405 4094 XVII.
438 4036 468 4086 c.
497 4034 529 4084 2.
563 4013 690 4086 vestita
724 4013 774 4086 est
804 4012 1092 4102 circumstantiis,
1133 4037 1220 4108 quae
1253 4013 1496 4097 adtentionem

279 4133 484 4197 merentur,
510 4103 590 4204 quia
614 4109 779 4182 historiae
797 4110 1040 4206 euangelicam,
1066 4109 1109 4181 de
1134 4107 1408 4185 circumstantiis
1424 4111 1496 4187 nati

277 4213 448 4299 Meffiae,
475 4205 567 4279 forte
595 4204 723 4299 aliquid
742 4205 880 4277 suminis
906 4205 989 4276 indc
1015 4205 1169 4302 inspergi
1187 4205 1333 4303 poterit.
1386 4210 1496 4283 Tem

277 4332 369 4410 pore
395 4307 505 4379 initae
529 4298 816 4397 conspirationis,
841 4301 933 4373 haud
960 4301 1020 4373 diu
1043 4321 1125 4374 ante
1149 4322 1301 4376 mortem
1318 4304 1496 4394 Herodis,

278 4430 391 4505 regno
424 4405 497 4500 ejus
522 4399 637 4474 saltem
674 4396 850 4468 adfinem
888 4418 1081 4493 vergente,
1127 4399 1285 4496 adeoque
1313 4422 1384 4495 quo
1418 4400 1494 4474 iso

278 4524 441 4601 tempore
471 4519 569 4572 uatus
594 4496 661 4572 fuit
688 4489 863 4577 Christus,
903 4515 931 4564 1.
959 4512 1072 4563 narrat
1096 4494 1166 4587 Jos.
1193 4496 1214 4569 l.
1242 4520 1273 4569 c.
1310 4428 1492 4590 unirerssm

270 4602 441 4683 nationem
466 4597 600 4699 Caesari
628 4612 660 4672 et
683 4592 803 4668 Herodi
830 4587 956 4687 jurasse
991 4586 1198 4677 fidelitatem
1230 4614 1271 4667 ac
1293 4592 1491 4690 ¹subjedijo·

1171 5010 1192 5053 N
