3575 5884
235 1194 254 1417 q
627 1250 632 1261 .
697 1190 895 1265 ,serious
918 1193 1037 1267 Sexta.
1431 1212 1506 1303 ,293

250 1426 255 1473 ἰ
310 1353 324 1463 ¹7
343 1364 382 1445 X.
406 1366 559 1443 etmulti
584 1368 635 1443 ibi
651 1368 791 1443 manere
806 1370 1011 1459 maluerint,
1036 1394 1138 1467 quam
1156 1370 1304 1466 patriam
1320 1388 1501 1471 repetere,

252 1490 256 1525 ι
310 1477 349 1535 utr
367 1467 515 1540 constat.
562 1466 620 1539 lld
650 1466 777 1540 tntum
809 1490 933 1541 eorum
964 1469 1108 1541 civilem
1139 1492 1170 1539 1.
1194 1472 1373 1564 pertinet,
1408 1466 1503 1559 quod

306 1578 356 1652 per
376 1564 521 1635 modum
545 1562 707 1635 coloniae
730 1561 791 1635 lric
814 1562 999 1661 degerint,
1024 1586 1097 1635 non
1121 1562 1244 1657 sparti,
1281 1562 1368 1635 licut
1396 1562 1500 1632 lsrae-

243 1658 250 1685 ·‘
300 1651 390 1748 lttae,
423 1680 461 1731 ct
485 1657 611 1745 dilliti,
649 1657 709 1731 sed
743 1658 945 1753 eonjunsli,
988 1660 1039 1731 uti
1068 1658 1211 1730 testatur
1233 1660 1378 1733 llcrosus
1410 1652 1503 1751 apud

296 1752 359 1849 Jos.
382 1774 509 1827 contra
532 1753 605 1848 Ap.
635 1753 727 1826 unde
749 1752 856 1827 etiam
880 1736 969 1843 nbn
987 1754 1131 1832 anda,
1154 1756 1321 1841 terramala
1352 1746 1499 1849 adpellass

294 1868 354 1924 tur.
381 1874 416 1923 a.
444 1850 658 1922 Habuerunt
680 1850 758 1923 suos
780 1850 997 1946 praelectus,
1030 1874 1075 1923 ex
1100 1856 1170 1946 ipsa
1202 1864 1307 1922 tlttmo
1332 1848 1501 1937 Davidis',

287 1944 372 2019 licut
398 1968 446 2019 ex
462 1944 701 2017 Zerubbabele
724 1964 845 2040 patet,
872 1945 961 2017 duce
980 1969 1101 2019 eortun
1126 1946 1207 2018 Ezr.
1231 1948 1259 2017 l:
1286 1954 1318 2024 8.
1344 1946 1505 2040 adeoque

282 2042 435 2139 aliquam
452 2038 635 2137 regiminis
651 2040 788 2135 proprii
804 2040 973 2129 sormam,
998 2043 1124 2138 absque
1144 2059 1259 2112 tamen
1274 2041 1353 2135 jure
1371 2042 1499 2136 gladii,

282 2138 382 2211 secus
411 2136 517 2211 acin
541 2133 687 2209 historia
712 2135 885 2209 Susannae
920 2136 1081 2209 traditur.
1129 2159 1161 2228 3.
1187 2138 1303 2232 Agros
1328 2156 1432 2209 ettam
1460 2158 1503 2209 ac

281 2234 407 2307 vineas
430 2230 654 2327 possederunt
674 2254 716 2305 ac
739 2231 942 2320 coluerunt,
987 2231 1040 2303 uti
1068 2233 1142 2328 Jer.
1169 2230 1302 2305 XXlX.
1327 2230 1500 2328 significa.-

281 2348 351 2404 tur.
401 2324 482 2401 Res
521 2324 580 2399 ctu
608 2324 715 2400 status
738 2326 970 2401 Ecclesiallici
996 2348 1033 2399 et
1064 2325 1217 2423 religiosi
1247 2328 1362 2400 notari
1387 2350 1500 2399 merc·

280 2444 355 2498 tur.
409 2446 443 2497 1.
467 2349 615 2517 ludaeos
629 2422 741 2495 libero
758 2421 858 2495 fuisse
875 2424 953 2495 usos
969 2422 1144 2496 exercitio
1163 2421 1363 2521 religionis,
1389 2420 1497 2525 quan}

285 2538 367 2593 turn
391 2516 431 2590 in
455 2530 543 2591 terra
564 2516 752 2614 peregrina
776 2518 853 2591 fieri
877 2537 1041 2615 poterat:
1064 2519 1262 2593 habuerunt
1278 2517 1395 2615 itaque
1411 2542 1497 2591 con·

285 2632 418 2691 ventus
440 2612 642 2710 religiosos,
671 2612 731 2686 ubi
755 2615 885 2687 notitia
910 2615 997 2710 legis
1014 2633 1051 2687 et
1068 2614 1249 2711 religionis
1269 2612 1497 2687 institueban-

282 2730 363 2801 tur,
395 2728 434 2781 et
456 2707 623 2805 precibus
646 2731 688 2782 ac
712 2709 858 2783 canticis
881 2709 1181 2804 defungebantur:
1203 2710 1253 2781 Pl'.
1280 2710 1502 2785 CXXXVII.

279 2808 443 2901 adeoque
468 2803 581 2899 prima
601 2803 694 2899 jassa
712 2804 789 2877 sunt
806 2804 1032 2877 fundamenta
1047 2806 1319 2900 synagogarum.
1368 2827 1401 2878 2.
1430 2800 1497 2880 Or·

274 2903 383 2977 dines
407 2899 637 2975 sacerdotales
671 2899 771 2973 soille
798 2899 1042 2987 conservatos,
1087 2919 1125 2989 et
1161 2898 1315 2973 habuisse
1348 2900 1502 2997 Judaeos

284 3000 366 3072 suos
382 2994 584 3069 Pontifices.
633 2994 806 3083 Ultimus,
825 3014 986 3092 tempore
1006 2993 1200 3067 destruslae
1209 2996 1499 3093 Hierosolymae,

283 3092 354 3166 suit
380 3091 516 3186 Seraja,
558 3091 656 3185 cujus
680 3091 850 3164 succellor
874 3090 943 3165 fuit
976 3089 1157 3184 Josedccus
1182 3090 1221 3163 in
1249 3091 1324 3188 ipso
1359 3092 1495 3184 exilio,

283 3210 389 3288 quem
414 3186 560 3283 excepit
584 3186 706 3284 Josua,
749 3186 808 3281 qui
833 3210 912 3260 cum
936 3187 1071 3282 populo
1095 3184 1200 3259 rediit
1224 3184 1261 3259 in
1284 3188 1443 3284 patriam.

323 3282 358 3383 s.
384 3284 488 3356 CCC.
529 3306 562 3377 3.
594 3282 909 3356 Excellentioribus
941 3279 1128 3377 prophetis
1162 3306 1300 3380 quoque
1328 3306 1389 3357 eos
1423 3310 1497 3359 non

281 3377 430 3454 caruisse
461 3377 621 3467 constat,
659 3376 752 3450 inter
777 3403 862 3475 quos
892 3396 1150 3465 memorantur,
1193 3401 1342 3473 quorum
1366 3378 1497 3471 scripta

282 3474 493 3574 supersunt,
535 3491 675 3569 praeter
698 3474 913 3568 Jeremiam,
977 3470 1013 3545 ui
1046 3471 1199 3567 primum
1231 3470 1269 3544 in
1294 3475 1496 3563 Cananaea,

283 3594 386 3669 quam
408 3568 473 3642 diu
498 3567 665 3665 reliquiae
687 3568 738 3641 ibi
761 3569 935 3666 degerunt
959 3570 1018 3642 lub
1048 3565 1213 3653 Gedalia,
1245 3563 1328 3637 dein
1357 3562 1393 3636 in
1415 3566 1496 3643 Au-

283 3687 416 3765 gypto,
441 3687 548 3759 quum
577 3662 775 3760 superstites
797 3689 861 3756 eo,
898 3657 1362 3766 contranitenteJeremia,
1387 3659 1499 3757 seces·

283 3766 424 3849 serunt,
449 3759 589 3833 sunslus
611 3759 661 3832 est
687 3759 827 3849 officio,
850 3761 1025 3833 incertum
1043 3755 1225 3852 quamdiu,
1275 3776 1389 3830 raeter
1414 3785 1498 3837 eunt

280 3856 445 3954 inquam,
464 3854 631 3929 Ezechiel
649 3874 685 3927 et
692 3856 926 3943 Habacucus,
941 3877 983 3927 ac
991 3850 1133 3927 Daniel.
1177 3851 1248 3926 DA
1291 3853 1394 3945 IEL,
1411 3856 1497 3932 licct

280 3974 428 4029 munere
454 3973 528 4023 non
550 3949 745 4059 propheta,
797 3949 956 4024 raeclaris
979 3945 1060 4022 vifis
1086 3948 1306 4045 propheticis
1332 3974 1493 4041 ornatus,

283 4068 320 4122 et
343 4046 507 4121 strenuus
531 4047 712 4143 religionis
729 3976 866 4134 cultor,
889 4068 931 4116 ac
951 4043 1077 4213 populi
1103 4043 1265 4118 defensor
1289 4046 1378 4134 fuit,
1411 4047 1492 4141 qui,

278 4143 427 4218 durante
451 4141 580 4233 exilio,
605 4143 709 4237 usque
734 4141 777 4216 ad
795 4144 922 4238 Cyrum
965 4139 1142 4236 uperfuit3
1168 4141 1221 4213 uti
1237 4165 1282 4215 ex
1308 4142 1398 4215 libro
1419 4142 1498 4236 ejus

279 4238 428 4313 constat.
478 4237 559 4342 Quo
584 4238 694 4311 etiam
715 4238 875 4333 pertinet
904 4237 1058 4332 elogium
1084 4235 1147 4332 ipst
1175 4234 1313 4323 datum,
1340 4234 1400 4307 hic
1417 4239 1494 4315 obi·

279 4354 337 4409 ner
360 4330 617 4420 illustrandum,
644 4334 706 4405 ΕΖ.
732 4334 835 4409 XlV:
865 4355 921 4424 14.
946 4352 983 4405 et
1007 4332 1181 4408 XXVlll:
1207 4356 1243 4422 4.
1290 4328 1412 4406 Priore
1441 4337 1500 4425 lo-.3

277 4454 325 4506 co
356 4429 561 4528 adjungitur
591 4427 746 4503 Noaclro
779 4448 817 4503 et
847 4431 971 4527 Jobo,
1013 4430 1147 4526 pietate
1180 4451 1220 4499 ac
1251 4424 1506 4501 intercclsone·

304 4551 349 4600 ro
372 4526 508 4636 populo
532 4524 787 4614 celeberrimis,
812 4543 849 4600 et
874 4526 957 4598 Deo
982 4526 1082 4599 valde
1112 4518 1287 4690 acceptis,
1312 4523 1416 4597 etiam
1442 4524 1500 4594 ts·

276 4552 545 4722 lonedrviua,
574 4644 615 4699 ac
638 4621 1082 4789 revelationeosuturorurn
1105 4638 1186 4716 gavl
1215 4637 1245 4692 s.
1290 4617 1391 4693 lntcr
1408 4640 1495 4786 qqos

263 4762 306 4796 ,.,
894 4735 962 4809 03
1362 4733 1421 4785 me
1447 4738 1507 4801 tus
