3575 5884
379 1212 450 1305 278
719 1186 865 1288 Infirma
889 1180 1126 1284 Ecclesiastico
1149 1185 1193 1260 V.
1222 1183 1264 1259 T.

381 1381 549 1488 potestat
597 1373 679 1451 Fuit
709 1389 824 1445 autem
849 1366 1031 1472 Lycurgus
1053 1363 1164 1440 frater
1190 1359 1423 1473 Polydectae,
1454 1360 1596 1535 affl

386 1484 550 1581 lphyto,
589 1496 609 1546 a
640 1494 713 1568 quo
744 1488 823 1539 aera
854 1463 1063 1558 Olympiam
1098 1484 1185 1537 vera
1218 1461 1379 1557 incipit,
1423 1480 1461 1534 et
1583 1544 1586 1549 ¹

385 1575 552 1655 utronno
585 1566 658 1665 ipse
690 1562 840 1663 primum
864 1581 984 1655 regem
1020 1555 1119 1654 egit,
1159 1556 1264 1648 dein,
1306 1556 1382 1629 filio
1416 1555 1598 1652 posthumo

384 1671 545 1750 Charilao
571 1684 677 1751 nato,
700 1661 776 1757 ejus
793 1653 893 1752 geffit
919 1654 1085 1744 tutelam,
1110 1671 1150 1726 et
1173 1675 1253 1728 ann.
1282 1672 1327 1742 25
1352 1670 1439 1725 nato
1454 1675 1595 1752 regnum

384 1766 539 1846 tradidit.
586 1764 675 1834 Cum
702 1776 817 1830 autem
844 1748 1016 1823 invidiam
1044 1748 1083 1822 in
1107 1750 1215 1822 tutela
1242 1746 1400 1844 effugere
1426 1768 1499 1821 non
1520 1746 1593 1846 pos·

382 1869 458 1956 set,
483 1863 518 1938 se
544 1855 728 1944 subduxit,
760 1868 797 1923 et
823 1843 1042 1943 peregrinari
1063 1843 1207 1941 coepit,
1232 1844 1385 1941 primurn
1408 1841 1448 1916 in
1473 1847 1592 1938 Creta,

382 1962 445 2039 ubi
477 1958 648 2044 Thaleta,
673 1967 777 2050 poeta
805 1941 985 2033 Cretensi,
1010 1940 1072 2049 qui
1092 1939 1224 2038 Lyrica
1249 1937 1421 2028 cannina,
1446 1959 1485 2013 et
1508 1940 1598 2039 legen

384 2062 438 2140 ibi
463 2053 659 2139 condebat,
702 2044 777 2119 usus
804 2037 874 2126 est,
917 2057 955 2111 et
979 2035 1118 2111 Minois
1143 2038 1239 2134 leges
1266 2033 1412 2124 didicit,
1454 2035 1596 2115 deiuin

387 2153 515 2261 Jonia,
539 2150 599 2224 ubi
625 2146 663 2220 in
685 2134 836 2218 Homeri
862 2131 989 2207 incidit
1014 2132 1190 2223 carmina,
1215 2152 1303 2231 quac
1324 2131 1442 2204 secum
1469 2132 1594 2229 depor-

387 2253 479 2330 tavit
502 2248 668 2328 domum3
692 2235 841 2328 denique
860 2229 898 2301 iu
915 2230 1106 2326 AEgypto.
1155 2231 1311 2303 Domum
1333 2226 1467 2324 redux,
1490 2230 1590 2304 ala·

385 2340 621 2430 cedaemoniis
643 2348 844 2414 revocatus,
880 2323 1037 2396 animum
1061 2325 1105 2397 ad
1129 2346 1241 2423 remp.
1265 2322 1466 2398 mutandam
1491 2341 1529 2398 et
1547 2325 1597 2399 lo·

412 2470 448 2521 er
472 2430 667 2514 condendas
698 2418 888 2517 adplicuit,
908 2441 1010 2524 ‘cum
1032 2419 1178 2515 peliime
1205 2438 1244 2495 et
1270 2418 1413 2495 eonfirse
1439 2421 1512 2495 sese
1538 2420 1593 2495 ha·

384 2474 508 2622 §erent
531 2553 586 2601 rer
609 2526 808 2603 laconum,
841 2513 983 2609 regibus
1009 2512 1221 2684 inffienter
1243 2514 1593 2687 dgssimntibffi

1164 2637 1187 2684 ιι
1204 2634 1258 2684 orr
1334 2634 1370 2684 ιιι
1402 2636 1438 2686 er

381 2724 556 2808 oraculum
580 2710 815 2810 Delphicum,
841 2728 913 2801 quo
938 2698 1003 2808 (nl
1022 2719 1108 2792 olm
1130 2705 1232 2799 Jovrs
1258 2710 1384 2782 anricus
1409 2708 1593 2785 declaretur

381 2822 453 2909 est,
478 2834 516 2890 et
539 2817 634 2907 leges
660 2809 752 2880 ferre
772 2800 890 2900 jull'us.
939 2802 997 2874 De
1023 2799 1159 2899 legibus
1173 2821 1291 2877 autem
1314 2804 1410 2900 ejus,
1438 2823 1478 2879 et
1496 2802 1590 2880 disci·

405 2917 492 2999 una,
517 2907 558 2981 ad
585 2927 660 2978 rem
684 2898 868 2975 militarem
893 2914 970 2972 tota
993 2895 1278 2991 adcommodata,
1311 2918 1349 2995 et
1377 2900 1591 2977 cretenubn

378 3005 539 3112 proxime
570 2995 831 3084 conveniente,
856 2993 994 3091 prolixe
1022 2990 1185 3092 exposuit
1203 2993 1348 3094 Cragiur
1370 2999 1408 3069 de
1436 3017 1505 3093 rep.
1530 2998 1589 3071 ln·

377 3108 519 3183 cedoem.
545 3097 606 3190 qui
630 3090 859 3168 consulendus
884 3087 947 3162 elt
996 3089 1186 3187 Denique,
1213 3093 1251 3164 ιιι
1275 3093 1447 3188 majorem
1467 3092 1590 3169 stabili·

376 3216 487 3275 tatem
525 3192 659 3286 legibus
701 3185 769 3259 suis
805 3202 1038 3283 procuraret,
1081 3204 1183 3261 extra
1216 3187 1365 3283 patriam
1399 3187 1449 3265 mi
1497 3188 1592 3279 avit,

377 3284 631 3393 praetendens,
672 3282 706 3355 se
731 3280 966 3379 graviffimum
997 3277 1121 3384 adhuc¹
1137 3302 1244 3379 caput
1271 3285 1315 3358 ab
1333 3298 1448 3357 ‘o'rtcu
1464 3311 1488 3358 o
1515 3285 1579 3361 uu

377 3386 488 3487 phieo
523 3380 822 3468 consecuturum,
863 3374 1046 3473 postquam
1080 3377 1301 3452 sacramento·
1330 3378 1594 3458 eonstnnxiuet

377 3483 493 3567 cives,
529 3496 591 3550 eoa
616 3470 704 3548 nihil
728 3473 961 3552 inmutaturos
988 3471 1104 3548 donec
1120 3473 1296 3565 ¹redierit,
1337 3470 1398 3548 sed
1422 3498 1596 3577 nunquam

376 3571 534 3647 reversus
562 3565 634 3659 est,
660 3571 698 3646 in
716 3573 825 3646 Creta
847 3587 1025 3660 mortuus,
1050 3569 1136 3645 Vid.
1163 3568 1336 3645 Plutarch.
1361 3568 1400 3644 in
1417 3571 1595 3674 Lycurgo

372 3671 542 3743 Ceterum
575 3662 675 3740 stetit
707 3667 764 3741 hia
794 3666 929 3767 legibus
963 3663 1162 3739 diutiffime·
1186 3665 1294 3762 Resp.
1330 3666 1539 3747 Lacedaem.
1565 3686 1600 3748 et

373 3757 514 3851 floruit,
542 3780 634 3847 nce,
662 3760 727 3834 nisr
743 3763 810 3839 illis
826 3761 989 3850 mutatis,
1013 3768 1073 3834 aut
1092 3758 1235 3858 spretis,
1256 3761 1474 3839 labefactata.
1495 3798 1497 3803 ·
1538 3840 1543 3851 ,

417 3854 449 3956 5.
475 3853 745 3959 CCLllXXlV.
772 3860 875 3936 Circa
899 3857 994 3935 idem
1010 3877 1149 3956 tempus
1173 3857 1357 3932 fundatum
1373 3855 1425 3933 est
1443 3881 1596 3956 regnunt

276 3946 672 4057 &Macedonicum
710 3954 769 4027 vel
801 3981 822 4033 a
843 3960 1000 4046 Carano,
1032 3973 1070 4030 ut
1089 3953 1289 4057 Scriptores
1312 3952 1515 4029 Alexandro
1539 3957 1597 4035 M.

424 4046 590 4123 steuores
616 4046 781 4141 tradunt,
810 4056 915 4129 vela
943 4052 1128 4143 Perdicca,
1160 4054 1234 4163 ejtrs
1257 4051 1353 4142 filio,
1378 4049 1431 4124 uti
1459 4050 1599 4132 Herod.

421 4142 529 4220 VIII.
562 4155 602 4212 et
632 4134 802 4240 Thucyd.
828 4151 851 4225 l.
877 4152 924 4224 ll.
952 4150 1095 4239 Catani,
1119 4170 1180 4246 qur
1205 4149 1339 4246 lphyto
1363 4165 1403 4220 et
1428 4148 1601 4261 Lycurgo

369 4242 439 4322 luit
461 4258 641 4325 coaevur,
671 4236 781 4348 frater
797 4242 868 4318 luit
892 4244 1050 4335 Phidon,
1075 4246 1290 4343 Argivorum
1310 4267 1391 4332 rex,
1416 4266 1479 4340 qur
1497 4270 1598 4323 men·

367 4336 459 4421 fine
475 4356 516 4410 ct
532 4331 690 4442 pondera
707 4331 841 4411 drcrtur
858 4337 1042 4438 invenisse.
1093 4342 1111 4413 l
1138 4342 1172 4416 se
1188 4363 1296 4431 vero,
1321 4339 1460 4414 monito
1480 4366 1602 4421 oracu-

367 4438 598 4543 Μαρίᾳ,
631 4429 691 4503 ubt
717 4454 758 4504 ca
780 4457 897 4542 rarum
910 4455 1028 4544 ‘perus
1060 4367 1207 4534 ressdiffe
1231 4439 1442 4527 adverterat,
1477 4440 1604 4516 urbem

367 4526 533 4613 &didit
568 4550 608 4638 ιιι
630 4524 750 4637 ,Μιιος
766 4550 870 4639 onia,
908 4529 991 4641 inde
1017 4531 1146 4608 uittam
1168 4537 1261 4625 tou
1289 4534 1435 4629 AEgar,
1460 4531 1510 4610 ιἰιι
1538 4558 1606 4635 qut

366 4650 477 4737 rep
495 4622 643 4733 sepelut
658 4644 771 4705 motta
784 4622 877 4726 furt,
901 4627 986 4709 tuat
1001 4625 1309 4729 urmampelata
1330 4628 1368 4707 iu
1389 4628 1607 4808 8ΑΕιιιῖἕιιιι,

1415 4747 1504 4806 ucce
1532 4750 1616 4811 ores

400 2632 403 2637 ’
463 2630 519 2702 ιιΙο
553 2618 724 2696 continuo
750 2610 994 2684 tumultuante.
