3575 5884
153 4192 162 4481 l

152 4616 164 4816 i

697 680 848 754 l‘triodas
875 682 990 753 Sexta.
1381 695 1445 780 30,

221 863 363 941 decima
395 859 610 957 Judacorum
640 882 719 959 pars
749 858 818 933 suit
851 859 1004 956 obligata
1042 859 1085 934 ad
1118 858 1214 934 idem
1246 857 1444 939 faciendum

218 986 298 1155 cap:
319 1051 554 1129 CCCLXIV.
588 1054 687 1127 Urbe
720 1050 789 1126 hac
824 1050 964 1126 ratione
997 1050 1153 1145 munita,
1195 1051 1357 1127 domibus
1388 1052 1442 1129 in·

217 1148 380 1240 musta,
411 1165 452 1221 et
475 1146 615 1223 civibus
639 1147 792 1257 repleta,
835 1148 971 1246 populo
1005 1171 1145 1246 quoque
1178 1148 1266 1249 legis
1292 1148 1442 1257 notitia,

219 1246 500 1416 perasplgnneg}
516 1244 591 1340 ejus
601 1242 908 1413 timleffloiim’
941 1242 1088 1415 Ruga,
1120 1246 1263 1415 f⁰3d⁶fe
1288 1245 1332 1321 ad
1349 1247 1443 1416 (liegta

220 1368 291 1418 exa
395 1362 451 1412 ·ο
491 1362 685 1414 ervanam
752 1364 776 1412 o
838 1363 939 1413 oco
1013 1363 1115 1429 to,
1180 1366 1308 1418 entue
1374 1366 1444 1417 urit

220 1435 465 1532 exadloribus,
487 1453 525 1508 et
542 1363 821 1510 foeneratoiibiir
837 1434 987 1533 inopum
998 1436 1178 1533 reprcssit3
1203 1368 1338 1529 veibo,
1365 1463 1439 1513 om-

217 1536 324 1610 nibus
350 1533 455 1605 rebus
486 1530 530 1605 ad
559 1531 723 1608 Civitatis
757 1550 794 1605 et
819 1531 994 1606 Ecclesiae
1028 1529 1313 1607 instaurationem
1346 1537 1439 1611 ordi·

217 1629 337 1719 natis,
361 1625 564 1715 Nehemia,
593 1650 637 1702 12
660 1650 830 1704 mnortun
855 1626 990 1723 spatio,
1015 1626 1080 1724 ipsr
1104 1651 1125 1701 a
1148 1630 1251 1724 Rege
1277 1632 1442 1709 concello

219 1750 302 1822 cap.
320 1724 378 1799 ·V:
409 1746 464 1814 14.
490 1723 656 1817 expleto,
688 1723 732 1797 ad
755 1722 894 1831 Regem
926 1744 1006 1796 ann.
1033 1722 1107 1819 ejus
1145 1728 1229 1819 32do
1260 1726 1440 1817 reversus,

216 1846 250 1898 c.
287 1818 392 1893 xiil:
416 1824 452 1893 6.
486 1840 569 1891 cum
594 1817 791 1917 aliquandiu
820 1818 870 1892 tbi
906 1816 1023 1894 suiliet
1053 1838 1227 1910 moratus,
1266 1819 1443 1903 incertum
1559 1844 1582 1901 ⁶,

215 1934 357 2016 quanto
379 1931 562 2012 tempore,
595 1910 694 2014 (cum
720 1918 806 1990 ab*
839 1878 918 2022 ips
943 1916 988 1989 ad
1010 1915 1114 2011 finem
1140 1915 1275 1989 dierum
1307 1915 1346 1990 in
1380 1939 1443 2014 ge·

216 2036 309 2087 nete
342 2008 476 2084 dicatur
509 2032 640 2085 novam
665 2035 686 2085 a
715 2032 799 2107 tege
828 2011 999 2105 accepiffe
1031 2010 1313 2109 Hierosolymam
1340 2034 1444 2108 repe·

218 2105 324 2184 tendi
348 2106 484 2182 veniam
489 2101 525 2279 Z?
550 2107 745 2204 pravosque
770 2129 886 2180 mores
915 2106 1032 2181 denuo
1058 2105 1095 2181 in
1119 2108 1290 2205 Judaeos,
1333 2110 1444 2184 ctiam

216 2200 359 2280 ordinis
392 2200 489 2277 sacer
514 2201 617 2276 otalis
654 2206 773 2292 viros,
811 2200 1011 2295 irrepsisse,
1057 2202 1302 2293 intellexisset,
1344 2226 1444 2277 novo

213 2296 386 2377 accensus
401 2298 506 2388 zeto,
529 2321 594 2390 eo,
612 2321 697 2396 rege
715 2297 968 2394 permittente,
987 2295 1116 2388 rediit,
1142 2297 1271 2392 cosque
1286 2298 1442 2373 feliciter

212 2398 275 2472 sua
299 2393 493 2469 autoritate
516 2392 739 2467 emendavit:
772 2393 825 2466 uti
851 2412 928 2488 cap.
948 2392 1050 2467 Xlll:
1073 2416 1103 2468 1.
1129 2411 1297 2468 narratur.
1372 2392 1445 2471 uod

211 2516 287 2593 pro
312 2493 426 2585 quinto
447 2486 704 2564 instaurationis
738 2485 924 2564 intervallo
956 2486 1079 2561 haberi
1113 2487 1241 2584 potest.
1291 2490 1367 2565 Elia
1381 2494 1443 2581 tb,

214 2608 260 2662 ut
286 2606 418 2693 pravos
441 2606 502 2657 eoa
537 2608 655 2659 mores
680 2584 790 2659 verbo
823 2582 1043 2673 recenseam,
1085 2582 1252 2659 Pontifex
1277 2608 1444 2686 magnum

213 2680 425 2759 cubiculum
451 2678 489 2755 in
510 2679 610 2756 atriis
638 2678 804 2789 Templi,
836 2678 1069 2796 proventibus
1090 2679 1194 2755 sacris
1220 2679 1443 2759 adservandis

212 2774 451 2865 destinatum,
476 2776 686 2873 propinquo·
704 2774 810 2851 altcui
845 2777 977 2848 sobtae
1002 2776 1217 2852 concesserat
1242 2776 1442 2854 inhabitan-

210 2876 302 2949 dum
329 2895 362 2945 c.
389 2870 492 2945 x111:
518 2896 553 2963 4.
578 2871 634 2945 his
660 2871 796 2961 verbis,
839 2871 960 2945 obiter
988 2872 1227 2967 exponendis,
1270 2874 1350 2966 quia
1374 2873 1442 2946 mi-

214 2994 283 3043 nus
303 2966 474 3063 expedita
502 2966 604 3056 sunt3
645 2984 677 3041 et
701 2985 800 3042 antea
825 2946 925 3064 (⁸le
948 2964 1042 3041 enim
1069 2966 1120 3039 est
1145 2990 1211 3067 pto
1235 2946 1346 3054 eiij
1379 2991 1441 3040 on·

211 3085 294 3155 teu,
317 3062 438 3137 littera
459 3067 490 3139 D
519 3086 582 3160 per
608 3063 891 3137 concurrentiam
908 3064 943 3135 se
968 3061 1086 3134 uentis
1110 3060 1247 3133 litterae
1269 3059 1441 3167 delicien-

213 3183 276 3247 te,
303 3176 343 3231 ut
361 3154 463 3255 alibi)
483 3159 593 3235 abhoc
612 3158 758 3256 (infigni
775 3156 929 3245 scilicet,
945 3086 1064 3323 iiffito
1082 3154 1324 3243 monstrando,
1343 3184 1441 3255 quam

212 3252 422 3353 emphasin,
447 3274 487 3328 ut
513 3254 669 3344 constat,
696 3255 851 3347 praefert
878 3251 976 3325 subin
1003 3251 1166 3325 evocula
1189 3252 1234 3324 t'li
1255 3250 1325 3352 stit)
1343 3259 1441 3332 Elia·

203 3353 282 3444 fibo
297 3348 472 3446 sacerdote
500 3348 652 3449 (summo
678 3352 778 3453 tuan
811 3346 942 3423 eximie
971 3343 1088 3440 dicto,
1134 3367 1170 3420 ct
1206 3356 1251 3422 e‘o
1292 3351 1442 3428 nomine

210 3469 331 3535 noto,
357 3463 397 3517 ut
422 3444 518 3521 teile
543 3446 608 3520 'am
634 3445 685 3518 cst
712 3440 949 3540 observatum)
979 3448 1074 3517 datus
1097 3440 1144 3539 est
1167 3440 1242 3542 (scu
1267 3448 1441 3524 constitu·

210 3564 295 3631 tus,
331 3559 495 3635 tanquam
520 3471 683 3615 dominus
712 3559 749 3612 et
773 3539 971 3630 habitator,
1005 3540 1085 3611 loco
1111 3541 1183 3613 hoc
1207 3541 1271 3640 ipst
1299 3547 1341 3615 ab
1366 3545 1439 3617 Eli·

212 3641 312 3714 astbo
342 3632 524 3733 concello)
551 3643 584 3711 in
603 3639 749 3710 conclavi
775 3639 864 3709 aedit
889 3636 957 3709 Dei
985 3633 1083 3732 ntstri
1104 3642 1295 3735 propinquus
1315 3637 1437 3713 Tobiae

213 3737 271 3835 (h.
297 3757 331 3807 e.
357 3735 529 3806 conclave
550 3733 622 3807 hoc
647 3732 766 3805 datum
793 3730 844 3806 est
868 3731 993 3821 alicui,
1038 3729 1162 3809 intima
1186 3731 1440 3810 necessitudine

214 3825 411 3924 conjuncto
432 3828 592 3918 Tobiae,
618 3828 724 3924 idque
742 3827 779 3901 in
795 3831 944 3925 gratiam
956 3826 1115 3919 Tobiae3
1165 3854 1245 3902 uate
1263 3851 1298 3899 v.
1320 3849 1352 3922 7.
1373 3831 1438 3926 ipsi

216 3924 347 4000 fadtum
373 3921 445 3996 else
474 3924 626 4013 dicitur,
653 3942 746 3997 etv.
775 3933 807 4005 8.
833 3931 942 4003 domus
966 3925 1040 4024 ejus
1056 3854 1269 4021 adpellatur;
1302 3922 1439 4020 dequo

218 4020 319 4095 vocis
343 4021 444 4125 at'tp
468 4021 528 4095 usu
555 4018 689 4096 nemini
716 4042 788 4094 non
814 4018 970 4111 constat)
1005 4024 1187 4094 Praeterea
1212 4017 1351 4090 Levitis
1377 4019 1437 4090 de·

221 4118 482 4287 aegrotae-sunt,
508 4136 546 4196 et
566 4115 762 4212 inhibitae,
788 4122 952 4211 decimat,
979 4138 1083 4217 quare
1100 4130 1137 4186 et
1167 4108 1230 4205 ipst
1248 4113 1440 4203 Templum

293 4237 353 4295 rm.
380 4216 435 4292 II.
823 4214 884 4286 Zz
1298 4204 1438 4291 deletu.

1509 4336 1579 4604 l
