3575 5884
551 1182 588 1257 .''·..'
621 1178 987 1271 .···l³rrloms;-·Sexra..·
1021 1178 1081 1247 .'·
1351 1194 1422 1279 ές]

201 1362 280 1467 νῇ.
306 1358 465 1439 ccclv.
507 1360 705 1449 Habakulr,
737 1368 788 1435 'ut
819 1360 865 1436 de
899 1384 945 1436 eo
969 1358 1075 1458 paulo
1100 1356 1315 1451 distindlius,
1354 1384 1423 1457 pro

195 1460 691 1648 a⁰luzllllsslnll²l
710 1456 1423 1663 hllrllhhffbhhl’hflm

202 1649 385 1745 Complut.
412 1647 586 1733 alterna
610 1652 728 1735 Habr.
754 1668 868 1723 textus
886 1650 1186 1740 ¹couvementius,
1221 1652 1340 1724 lilium·
1356 1648 1421 1747 fig2

201 1768 264 1823 nat
288 1742 549 1840 dilctliffimam,
564 1754 678 1844 'quem
701 1765 813 1819 mater
835 1748 1027 1831 tenerrimo
1054 1746 1423 1845 compleffltur'amo

205 1867 264 1933 re,
286 1840 367 1931 vel,
391 1840 431 1913 vi
458 1842 616 1932 udicis,
631 1842 669 1917 ln
691 1842 766 1917 srnu
787 1842 938 1940 recipit,
971 1840 1208 1939 pedibusque,
1225 1842 1314 1917 dum
1337 1840 1422 1917 adst·

203 1940 289 2027 det,
315 1934 496 2027 innixum,
522 1937 661 2033 peclori
684 1937 847 2036 adplicat.
894 1939 1012 2012 Radix
1034 1940 1136 2041 pan,
1164 1938 1275 2028 unde,
1301 1939 1427 2015 ultima

201 2035 347 2121 littera,
372 2031 566 2127 emphasros
592 2034 711 2124 causa,
736 2033 987 2130 multiplicata,
1023 2035 1074 2105 est
1104 2036 1251 2138 ptpnn,
1277 2034 1424 2132 proprie

204 2130 318 2227 signat
344 2130 504 2223 placuit,
543 2128 693 2227 firmiter
726 2128 909 2202 adstrinxit
940 2128 1149 2226 pleblendo,
1190 2146 1228 2202 et
1263 2131 1323 2202 usu
1360 2131 1425 2203 suo

208 2250 291 2301 erun
310 2223 487 2320 ,exprimit
511 2226 679 2322 corporis.
723 2222 853 2315 estum,
878 2246 949 2321 quo
974 2224 1111 2298 dorsum
1136 2242 1173 2297 et
1201 2225 1307 2321 pedes
1328 2223 1426 2299 inter

207 2322 263 2413 se,
289 2318 432 2395 admota
448 2318 574 2411 fascia,
592 2319 888 2417 constringuntur.
922 2321 1078 2411 Flotuit,
1105 2319 1426 2431 seuprophetaviq

208 2438 257 2493 ex
281 2414 589 2513 meaopinione,
603 2430 643 2491 ut
667 2418 774 2491 modo
796 2416 944 2529 notavi,
974 2441 1045 2513 quo
1071 2436 1233 2512 tempore
1258 2416 1424 2491 chaldaei

211 2512 1327 2717 llll,qllllelsllhlllrillffel’el?lhillhllho‘f
1346 2534 1426 2704 5332

210 2702 430 2799 rnlhgendo,
457 2704 604 2777 multum
624 2705 735 2781 ellent
750 2715 892 2777 remota.
941 2706 1047 2798 Cujus
1065 2723 1235 2799 ternporrs
1251 2702 1343 2775 haud
1363 2704 1425 2776 ob·

207 2800 306 2875 scura
343 2797 384 2873 in
419 2799 496 2894 ipso
530 2798 621 2873 libro
657 2801 742 2875 sunt.
755 2798 910 2873 indicia.
961 2822 993 2872 1.
1018 2797 1181 2872 Chaldaei
1217 2798 1255 2873 in
1286 2798 1427 2875 scenam

206 2894 419 2993 prodeunt,
452 2912 616 2991 tanquam
639 2898 699 2992 qui
726 2913 854 2968 terram
882 2895 955 2991 jam
978 2896 1200 2990 repleverant
1229 2892 1430 2972 vastatione

207 3012 247 3073 et
267 2989 466 3080 violentia,
501 3015 588 3089 opes
614 2990 761 3089 ingente
786 2990 890 3086 copia
920 3008 1240 3080 coacervaverant,
1273 3008 1312 3063 et
1336 2991 1427 3066 surn-

210 3086 461 3256 tpuppgloriap
487 3110 538 3255 ppo
549 3089 732 3255 ppltentiae
750 3087 888 3257 csslppen
910 3085 1129 3255 pdtpgemt,
1153 3088 1283 3257 cpptalt:
1314 3110 1427 3197 13.-

208 3208 279 3353 ha
301 3202 381 3377 ,ul
400 3207 588 3369 aul,
601 3206 755 3387 llll,
774 3206 1427 3389 rzlslshftllbiss112?th

207 3372 362 3450 desolata
385 3397 417 3448 c.
443 3302 510 3448 hl:
541 3382 596 3455 18.
670 3432 679 3448 .
703 3377 758 3448 Pu
784 3396 894 3464 vero,
930 3374 989 3448 seu
1013 3375 1231 3471 prophetae,
1265 3372 1425 3445 introdu-

211 3488 342 3545 cuntur.
365 3470 612 3545 liberationem
635 3399 749 3559 iham,
788 3487 826 3543 et
848 3470 1039 3545 adventurn
1064 3468 1137 3546 Dei
1162 3468 1205 3541 ad
1229 3464 1348 3539 hostes
1368 3466 1426 3561 ju·

211 3567 399 3657 dicandos,
429 3564 691 3662 exspectantes,
717 3581 754 3638 et
775 3583 937 3662 tanquam
957 3567 995 3639 in
1014 3565 1153 3661 specula
1168 3561 1319 3651 stantes,
1344 3583 1426 3661 cap.¹

213 3663 257 3739 ll:
286 3686 320 3738 1.
369 3662 536 3769 Denique
558 3685 593 3753 4.
619 3659 783 3738 Chaldaei
808 3663 854 3734 ob
879 3664 1001 3736 oculos
1027 3677 1229 3756 ponuntur,
1262 3676 1428 3755 tanquam

212 3781 359 3929 quopltpm
380 3756 576 3857 judicrum,
600 3776 638 3833 et
660 3754 848 3835 destruclio
874 3774 951 3832 erat
981 3755 1020 3831 in
1044 3753 1253 3856 procinctu,
1286 3778 1364 3855 cap.
1389 3754 1429 3834 ΙΙ

212 3873 246 3931 et
327 3912 336 3929 .

218 4004 223 4013 ·
252 3949 287 4050 §.
312 3947 455 4025 CCCV.
490 3948 662 4024 Generale
690 3949 768 4023 libri
793 3967 1019 4046 argumentum
1045 3949 1117 4023 huc
1138 3948 1242 4025 redit.
1289 3944 1430 4022 Postea·

214 4070 315 4143 quam
341 4044 539 4138 Propheta,
580 4046 625 4118 de
650 4045 815 4119 diuturna
839 4046 1010 4121 violentia
1046 4066 1083 4119 et
1106 4044 1296 4143 injustitia,
1336 4064 1430 4135 quae

214 4142 249 4217 in
266 4140 431 4216 universa
447 4159 537 4214 terra
555 4141 786 4237 graffabatur,
812 4145 938 4217 acerbe
963 4143 1049 4217 ellet
1063 4141 1295 4240 conquestus,
1325 4135 1425 4216 srmul

215 4236 406 4313 violentiae
433 4257 572 4310 autores
599 4237 807 4329 Chaldaeos,
850 4237 968 4313 hostes
986 4239 1191 4327 terribiles,
1231 4258 1252 4310 a
1276 4234 1358 4305 Deo
1383 4238 1427 4315 ad

213 4333 411 4431 puniendos
436 4330 553 4429 inpios
576 4331 772 4440 suscitatos,
809 4334 925 4435 digito
954 4334 1195 4422 monstrallet‚
1238 4332 1427 4436 ettaterri·

211 4428 277 4503 ruis
302 4428 479 4503 coloribus
504 4429 734 4524 deprnxillet,
766 4430 837 4507 sese
862 4433 904 4508 ad
929 4457 1054 4530 preces
1077 4425 1359 4533 vestinorum
1384 4428 1427 4501 il·

208 4528 364 4599 lorum'r
414 4525 599 4600 relltonem
625 4525 816 4635 supplicat,
857 4530 980 4626 easque
1005 4528 1130 4603 validis
1155 4523 1371 4628 ratrombus,
1404 4544 1425 4599 a

207 4621 282 4701 Dei
313 4622 370 4697 san
411 4621 501 4697 itate
528 4641 568 4698 et
587 4622 723 4722 justitta
745 4626 890 4724 petitis,
932 4620 1135 4718 adstringit..
1173 4616 1312 4725 Quibus
1344 4615 1428 4699 fusto

214 4714 337 4801 aar.
363 4719 418 4797 ΙΙ.
793 4720 864 4816 'Pp
1345 4734 1429 4809 curn
