3575 5884
315 1143 386 1237 296
655 1136 799 1238 eustolia
822 1135 1056 1239 Ecclefiastr'ca
1080 1138 1122 1215 V.
1149 1133 1189 1212 Τ.

311 1323 480 1401 Secundae
513 1317 622 1419 partis
646 1318 839 1409 conciones
872 1338 997 1395 contra
1025 1323 1176 1418 populor
1210 1315 1374 1408 vicinos,
1411 1312 1541 1413 quibus

311 1444 436 1495 eorum
461 1417 610 1491 crimina
642 1417 873 1507 exhibentur,
915 1438 952 1490 et
975 1418 1110 1514 judicia
1135 1413 1455 1513 praenunciantur,
1487 1410 1533 1485 ad

311 1515 548 1603 defensionem
574 1529 612 1583 et
627 1511 907 1587 consolationem
931 1513 1085 1601 Israelis,
1110 1514 1180 1587 sese
1200 1511 1243 1584 ad
1266 1534 1344 1605 cap.
1371 1506 1529 1582 xxvrl.

337 1611 515 1706 orrigunt,
547 1625 585 1679 et
617 1607 805 1681 maximam
829 1629 964 1705 partem
998 1608 1110 1683 fassae
1136 1609 1215 1681 sunt
1251 1625 1417 1701 tempore
1443 1600 1537 1675 obn·

307 1636 423 1779 dionis
439 1701 730 1800 Hierosolymae,
759 1728 853 1777 anno
879 1705 977 1778 exilii
992 1703 1189 1779 Ereclrielis
1213 1705 1379 1775 undecimo
1396 1718 1435 1771 et
1452 1698 1526 1771 duo·

306 1802 436 1873 decimo.
487 1797 583 1870 Deni
609 1823 652 1871 ue
674 1805 776 1873 tertia
800 1825 878 1895 pars
906 1799 957 1875 est
981 1805 1181 1895 paracletico
1205 1798 1416 1893 propltetica,
1442 1816 1527 1887 qua,

304 1893 438 1969 inserta
470 1894 513 1968 ad
541 1823 813 1990 resipiscentiam
845 1896 1111 1986 adhortatione,
1150 1893 1273 1991 populi
1299 1890 1373 1965 Dei
1398 1888 1524 1963 instau-

304 1989 422 2079 ratio,
464 2010 502 2064 et
526 1990 617 2062 laeta
642 1990 733 2079 sata,
767 1991 1081 2088 praenunciantur,
1125 1988 1297 2085 usquead
1326 1988 1531 2094 Oeconom-

304 2085 403 2161 Vet.-
420 2086 756 2160 consummationem
781 2087 818 2159 in
843 2089 953 2160 Nova
976 2085 1036 2159 sub
1062 2088 1198 2161 Mellia.
1247 2084 1348 2177 Quae
1375 2104 1522 2155 concio·

304 2205 401 2272 nes,
420 2182 463 2253 ad
488 2182 596 2253 finem
619 2183 701 2254 libri
725 2182 930 2278 portellae,
962 2182 1101 2256 habitae
1129 2182 1205 2256 sunt
1236 2175 1316 2274 post
1342 2170 1536 2250 excidium·

305 2278 417 2382 Reip.
446 2276 622 2374 Judaicae.
670 2278 850 2351 Praemisso
876 2301 964 2351 vero
987 2279 1150 2351 omnibus
1173 2273 1269 2348 hisce
1292 2272 1454 2370 partibus
1472 2268 1524 2344 est

304 2371 456 2447 solennis
491 2371 710 2468 inauguratio
762 2373 953 2470 rophetae,
980 2375 1089 2448 altera
1109 2369 1290 2470 inplicita,
1317 2393 1383 2469 per
1409 2364 1520 2469 visum

303 2493 381 2660 cap.
407 2469 435 2539 Ι.
462 2467 570 2540 altera
595 2491 704 2562 cupre
733 2492 752 2539 a
774 2491 806 2542 c.
833 2467 987 2542 ll-lll:
1009 2492 1072 2543 rr.

372 2563 559 2637 .CCClIl.
600 2562 953 2651 HABAKUKUM,
995 2562 1165 2658 insignem
1199 2582 1235 2634 et
1272 2557 1533 2655 grandisonum-

271 2678 441 2748 ¹vatem,
484 2658 544 2732 sub
571 2659 749 2749 Manalle,
788 2658 846 2731 vel
870 2657 982 2756 Josra,
1026 2661 1083 2733 vel
1120 2658 1158 2732 in
1189 2656 1302 2747 initiis
1328 2654 1517 2751 Jojalrimi,

302 2775 556 2828 conctonatum
590 2754 712 2844 soille,
755 2752 859 2829 statui
884 2754 993 2843 solet,
1032 2779 1114 2833 cum
1140 2755 1232 2851 quod
1265 2750 1519 2846 corruptissima

299 2847 412 2921 fuerit
444 2851 568 2956 populi
596 2851 666 2924 Dei
691 2851 852 2925 conditio
885 2874 962 2947 cap.
988 2853 1015 2924 l:
1045 2875 1076 2927 2.
1112 2868 1184 2925 tum
1208 2844 1395 2944 expeditio
1423 2844 1517 2920 Chal·

217 3018 220 3029 ,
298 2940 466 3048 daeorum
501 2967 540 3017 tn
563 2945 655 3019 hanc
681 2964 826 3039 gentem
840 3012 844 3022 .
858 2945 1081 3042 depravatam
1106 2946 1212 3022 fuerit
1248 2944 1289 3018 in·
1311 2938 1516 3043 procinslu‚

297 3060 334 3110 v.
360 3058 396 3123 5,
423 3044 456 3109 6.
505 3041 786 3138 Sedutrumque
812 3039 896 3117 illud
923 3042 1011 3115 mihi
1037 3067 1160 3121 aveto
1186 3041 1328 3123 videtur
1352 3038 1513 3113 alienum

295 3129 411 3203 Prima
435 3132 531 3205 enim
568 3137 826 3231 pericopa,¹v.
856 3159 970 3226 2-4,
1008 3162 1080 3212 non
1114 3139 1158 3212 de
1192 3133 1424 3231 corruptione
1458 3133 1515 3244 Juss

294 3224 464 3300 daeomm
487 3230 631 3319 morali,
656 3231 715 3303 sed
744 3233 788 3306 de
815 3230 1007 3311 vastatione
1033 3254 1169 3320 terrae,
1204 3233 1332 3308 sumina
1357 3252 1441 3305 cum
1463 3253 1515 3304 m·

292 3319 428 3433 justitia
443 3323 688 3415 etviolentia,
707 3352 771 3422 per
778 3328 988 3415 Chaldaeos,
1004 3330 1272 3426 quaquaversum
1290 3325 1512 3423 circumlata,¹

296 3420 526 3520 intelligenda
554 3419 626 3513 esta
652 3423 903 3499 Chaldaeorum
932 3448 1071 3520 quoque
1095 3425 1278 3521 expeditio
1305 3446 1378 3497 non
1405 3421 1512 3523 utsu-

293 3533 395 3604 tuta,
435 3516 496 3592 sed
519 3517 590 3613 jam
618 3517 727 3607 faeta,
765 3516 990 3592 describitur:
1031 3520 1076 3594 de
1101 3522 1233 3617 quoin
1262 3523 1401 3593 Comm.
1425 3514 1511 3607 Mll.

289 3603 397 3681 susrus
422 3615 589 3716 exposui.
610 3682 614 3691 ,
640 3614 969 3721 Quibusadmiffis,
1004 3635 1096 3690 aetas
1119 3615 1337 3713 prophetae,
1382 3610 1514 3689 reulus

289 3696 400 3811 longe
419 3728 456 3775 m
476 3726 615 3804 tempus
633 3711 731 3785 exilii
758 3710 963 3806 Babylonici
982 3712 1183 3801 consertor,
1208 3708 1512 3807 postquam'Chal·

286 3792 369 3869 daei
391 3819 523 3887 ,omnes
557 3803 635 3876 fere
669 3826 777 3885 terras
812 3804 975 3880 caedibus
1010 3830 1051 3879 ac
1087 3807 1220 3903 rapinis
1252 3800 1508 3902 replevissent,

287 3914 441 4000 cumque
466 3916 578 3992 prope
604 3923 624 3972 a
635 3898 773 3995 judicio
799 3901 879 3998 ipfis
896 3901 1091 3999 infligendo
1114 3903 1278 3977 abessent.
1329 3892 1505 4013 Q'uaeali·

287 3987 348 4077 br,
383 4009 425 4099 ¹¹¹.
451 4009 665 4097 comment,
698 3996 736 4070 in
763 3999 918 4073 medium
942 3998 1104 4094 produxi.
1137 3998 1325 4086 -Accedit,
1351 4020 1388 4071 m
1409 3995 1506 4095 addi·

283 4098 442 4190 tententur
464 4084 621 4193 Danielis
645 4089 800 4165 nostrum
823 4095 865 4166 ad
891 4115 964 4168 tem
991 4120 1048 4169 ora
1074 4097 1231 4169 Danielis
1256 4090 1399 4182 referri,
1413 4112 1510 4191 ¹cum,

282 4177 450 4251 alimenta
475 4178 623 4255 tradrtur
648 4186 692 4257 ad
716 4188 923 4277 Danielem,
959 4212 1053 4263 mter
1078 4193 1197 4265 leones
1229 4191 1265 4264 in
1291 4191 1367 4265 lacu
1391 4185 1509 4264 versa·

283 4289 380 4357 tum,
416 4271 585 4348 detulisse.
635 4279 690 4351 Sit
713 4280 773 4353 hic
793 4283 934 4357 libellus
965 4288 1207 4384 apocryphus,
1244 4284 1390 4376 historia
1418 4311 1509 4385 quo·

279 4388 348 4462 que
374 4364 475 4455 fieta,
501 4369 644 4446 fundata
663 4392 778 4447 tamen
805 4376 847 4451 stt
868 4399 1015 4469 oport-:t
1039 4382 1077 4455 in
1096 4381 1189 4454 veris
1213 4368 1508 4476 circumstantiis}

281 4479 320 4570 et
343 4462 578 4572 prophetam,
605 4489 649 4541 ex
675 4467 819 4577 antiqua
843 4471 1060 4566 traditione,
1086 4495 1171 4550 tunc
1197 4477 1321 4551 vixisse
1345 4476 1509 4556 credide·

276 4574 352 4632 rmt
379 4563 862 4670 euntemporirnomtnes,
891 4591 962 4667 quo
990 4573 1079 4660 liber
1099 4569 1165 4648 iste
1192 4572 1409 4670 compositus
1435 4573 1510 4655 est:

273 4651 376 4749 quod.
394 4582 456 4727 suc
479 4652 623 4734 sufflett.
788 4738 794 4745 ,
888 4743 893 4751 ,
1294 4662 1327 4770 ᾗ
1352 4670 1514 4765 ΟΕΟΝ,
