3575 5884
302 1116 376 1234 io
649 1123 1056 1230 ratiocinantur,
1073 1124 1116 1206 tt
1144 1120 1184 1203 r.

303 1314 407 1405 dum,
435 1330 496 1389 'ex
527 1309 623 1387 librii
648 1309 838 1387 Historicis
871 1329 910 1391 et
940 1310 1163 1411 Propheticis
1194 1304 1296 1403 hujus
1318 1301 1504 1379 intervalli
1508 1312 1531 1413 ξ’

304 1412 405 1509 supra
433 1405 622 1491 recensitis.
672 1407 745 1485 Ubi
769 1425 850 1481 ante
873 1410 1012 1499 omnia,
1053 1408 1091 1483 in
1115 1403 1252 1483 laudern
1276 1400 1373 1509 ejut,
1409 1416 1524 1475 notari

303 1502 735 1593 meretur,:idololatriam
761 1501 952 1601 gentilem,
978 1504 1168 1601 populique
1191 1492 1521 1603 inclinationemad

300 1618 401 1691 eam,
423 1620 511 1707 quae
536 1617 641 1673 antea
667 1616 853 1694 tantopere
877 1598 1057 1682 dominata
1081 1617 1175 1685 erat,
1211 1615 1248 1668 et
1276 1618 1297 1667 a
1325 1615 1395 1689 qua
1419 1590 1520 1701 nullit

299 1694 448 1781 abstrahi
473 1712 617 1790 poterat
642 1695 788 1785 mediis,
823 1695 965 1793 penitus
991 1694 1070 1792 post
1093 1692 1258 1779 exiliunt,
1301 1708 1341 1763 et
1363 1686 1514 1796 reditun

297 1788 529 1880 inPatriant,
560 1789 661 1867 fuisse
686 1789 930 1886 exstirpatam,
955 1790 1005 1866 ita
1032 1811 1070 1866 ut
1097 1791 1140 1866 ab
1167 1813 1210 1863 ea
1235 1786 1379 1891 suerint·
1419 1782 1515 1858 udaei

297 1886 513 1975 alienissimi,
537 1908 607 1961 nec
633 1910 782 1987 unquam
806 1905 915 1982 caput
937 1885 1150 1963 exseruerit:
1186 1880 1237 1957 uti
1264 1878 1352 1955 testa
1423 1902 1513 1988 muni

295 1983 360 2059 est.
409 1983 515 2080 eujus
550 1981 664 2072 ratio,
705 1981 818 2083 quoad
851 1981 987 2072 media,
1027 1981 1124 2055 reste
1162 2003 1182 2053 a
1214 1975 1389 2085 continua
1410 1976 1512 2073 Legit

296 2078 452 2155 leclione
476 2094 514 2151 et
540 2076 783 2168 institutione,
825 2101 914 2175 quae
939 2077 1076 2153 abhoc
1102 2095 1263 2170 tempore
1289 2070 1428 2170 viguit,
1458 2093 1507 2178 re3

296 2174 458 2288 petittn3
490 2174 638 2247 multum
663 2175 769 2249 etiam
792 2196 839 2247 eo
865 2174 1064 2264 tribuente,
1097 2190 1137 2247 ut
1160 2170 1322 2259 videtur,
1355 2166 1509 2276 singulari

334 2270 432 2347 dicio
456 2266 650 2351 tetricae
677 2268 841 2358 Hiemi,
882 2288 921 2342 et
946 2268 1046 2343 exilii
1078 2292 1125 2364 po
1152 2266 1198 2340 uli
1221 2283 1370 2362 propter
1399 2262 1510 2361 idolo·¹

304 2446 307 2450 ,
330 2365 451 2454 triam,
475 2380 641 2439 necnon
665 2360 887 2462 subjectione¹
907 2388 1027 2461 regno¹
1044 2366 1201 2451 Petico,
1225 2377 1414 2469 aurcceptc
1434 2356 1504 2433 ido·

295 2462 432 2543 lolatria
456 2458 637 2534 alieniore.
685 2463 727 2532 ln
750 2458 930 2568 principio
954 2458 1104 2549 reditus,
1129 2456 1280 2533 studium
1303 2452 1504 2553 religionis,

293 2575 343 2639 ct¹
358 2572 629 2655 praeceptorum
653 2554 915 2644 Mosaicorum,
939 2555 1058 2650 viguit
1084 2555 1238 2652 insigne,
1263 2571 1302 2628 et
1328 2551 1368 2626 in
1393 2549 1505 2659 religi·

295 2653 374 2733 onii
398 2646 572 2733 exercitio
596 2651 630 2727 se
657 2650 826 2733 exseruit:
861 2651 920 2726 sed
927 2706 939 2743 ,
973 2675 1056 2724 cum
1079 2650 1249 2748 populus,
1280 2647 1326 2722 de
1351 2644 1504 2745 magnili-

293 2768 418 2831 corum
445 2747 710 2845 promissorum,
746 2747 931 2826 reducibus
957 2745 1150 2835 saelorum,
1181 2744 1404 2841 inplemento
1428 2762 1503 2817 mox

289 2841 435 2932 suturo,
475 2843 572 2936 spem
601 2842 760 2931 foverat,
801 2843 854 2916 uti
881 2842 934 2919 Ps.
958 2844 1125 2917 CXXVI.
1159 2864 1299 2939 quoqne
1325 2838 1498 2934 innuitur,

290 2936 430 3012 interea
461 2934 532 3013 sese
564 2958 645 3013 cum
677 2939 781 3019 reb'ui
815 2936 1005 3028 tenuibus,
1046 2936 1229 3032 multisque
1261 2932 1434 3027 molestiis
1464 2954 1500 3007 ac

288 3028 493 3118 obstaculis,
534 3030 721 3110 difficulter
743 3032 964 3128 superandis,
1000 3033 1176 3110 collutlari
1201 3032 1363 3124 videret,
1407 3032 1503 3105 rcbui

303 3123 442 3222 ‚ropriis
458 3127 589 3222 magis,
613 3151 716 3223 quam
735 3129 806 3205 Dei
824 3148 861 3203 et
878 3127 1080 3225 religionis,
1098 3128 1352 3225 promovendis
1368 3126 1500 3201 incum-

286 3151 392 3312 iere,
417 3238 456 3294 et
479 3238 623 3318 torpore
650 3223 783 3321 corripi
804 3224 948 3322 coepit3
974 3244 1013 3300 ut
1040 3249 1084 3297 ex
1104 3227 1221 3322 llagg.
1246 3245 1282 3297 ea
1310 3222 1419 3299 Zach.
1444 3246 1501 3320 pa·

285 3338 353 3395 tet.
402 3314 544 3399 Deinde
575 3340 640 3409 eo,
681 3342 745 3414 per
778 3320 873 3395 varia
907 3319 978 3396 Dei
1004 3319 1137 3415 judicia
1167 3344 1209 3393 ac
1246 3343 1312 3416 pro
1341 3320 1503 3395 hetarum

325 3415 443 3505 onita,
469 3412 631 3504 excusso,
659 3414 814 3509 Templo
830 3415 1069 3504 aedificando,
1091 3439 1132 3491 ac
1152 3418 1254 3488 rebus
1270 3346 1500 3493 iniaurandis

316 3511 436 3585 udiose
463 3510 715 3587 incubuerunt:
742 3509 800 3582 sed
822 3510 913 3585 haud
937 3511 997 3584 diu
1021 3509 1120 3604 post,
1155 3534 1236 3586 cum
1262 3513 1366 3585 reb'us
1389 3508 1503 3587 adhuc

281 3606 399 3679 minus
425 3605 634 3683 florentibus
658 3624 861 3696 uterentur,
887 3607 1079 3703 occupavit
1104 3609 1293 3703 populum,
1322 3627 1364 3680 et
1386 3606 1500 3703 sacer·

281 3702 404 3785 dotes,
447 3699 559 3796 aliqua
588 3701 652 3774 alia
675 3702 892 3815 corruptela,
933 3702 970 3774 in
996 3701 1171 3775 sacrorum
1195 3692 1500 3780 contaminatione

305 3814 347 3868 'er
370 3816 480 3890 prava
508 3796 701 3883 sacrificia;
737 3817 788 3873 uti
815 3820 860 3871 ex
883 3799 971 3871 Mal.
995 3799 1023 3870 Ι.
1059 3818 1176 3893 patet:
1218 3796 1351 3874 concio
1379 3798 1495 3889 enim,

281 3891 334 3975 ibi
357 3910 567 3981 memorata,
596 3893 643 3964 ab
663 3893 759 3977 ¹Ezra
782 3892 900 3969 habita
923 3891 974 3967 est
997 3914 1079 3966 ante
1103 3895 1294 3989 adventum
1319 3891 1497 3991 Nehemi·

279 4014 345 4080 ae,
376 4003 415 4060 ut
441 3982 479 4056 iti
505 3988 704 4064 Comment.
730 3988 773 4062 ad
797 3990 885 4065 Mal.
911 3988 1028 4065 docui.
1076 3990 1290 4087 Irrepserant
1313 4010 1495 4087 praeterea

279 4082 446 4179 conjugia
475 4102 557 4157 cum
590 4082 818 4178 alienigenis,
858 4105 981 4159 contra
1010 4086 1147 4182 legem3
1188 4105 1228 4158 ut
1256 4108 1302 4158 ex
1327 4085 1392 4162 lib.
1415 4084 1497 4161 Ezr.

278 4199 387 4279 patet.
438 4175 572 4284 Quintis
596 4201 661 4270 per
684 4178 809 4251 Eiram
840 4179 1055 4274 aliquatenus
1087 4179 1302 4270 emendatis,
1345 4184 1498 4280 populus

272 4298 410 4353 ’novum
434 4273 548 4363 induit
580 4293 644 4367 per
669 4272 884 4349 Nchemiam
911 4273 1092 4369 vigorem,
1134 4279 1236 4352 rebus
1268 4274 1499 4354 instaurandis

275 4372 399 4449 seriam
421 4369 520 4442 dedit
546 4389 708 4464 operam,
746 4368 867 4441 abusus
888 4370 1100 4468 multiplices
1126 4372 1307 4463 correxit,
1348 4372 1496 4473 seseque

273 4470 319 4551 ad
344 4464 495 4542 foederis
523 4461 641 4562 legalis
657 4460 917 4536 observantiam
942 4466 1132 4541 solenniter
1160 4466 1368 4561 obstrinxit,
1392 4488 1433 4544 ut
1449 4468 1507 4546 ex¹

274 4562 421 4660 historia
453 4562 675 4673 denotionis:
691 4581 813 4651 morae
846 4558 1049 4642 Nehemiae
1078 4562 1120 4643 in
1153 4564 1295 4665 Judaea
1318 4564 1505 4739 educes&

286 4732 302 4769 ι
314 4720 317 4727 ,
