3575 5884
354 937 427 1031 μδ
696 931 844 1035 &storia
867 914 1105 1035 littlessaflicci
1127 931 1176 1013 V.
1200 930 1246 1013 TA

359 1112 565 1207 Adulitito,
590 1112 684 1213 quod
701 1110 1016 1215 eCol'malndopl.
1043 1104 1317 1194 avuiisexce'
1340 1132 1441 1207 tum,
1468 1112 1599 1190 summa

357 1231 441 1289 tura
467 1210 601 1287 editum
625 1208 677 1285 est
701 1232 722 1285 a
746 1211 1040 1288 Montefirlconio
1064 1213 1103 1289 in
1137 1236 1223 1289 nov.
1257 1214 1321 1287 Col
1335 1212 1406 1286 ete.
1431 1215 1594 1299 Patnun,

358 1322 399 1386 et
430 1306 591 1383 Fabricio
620 1306 658 1382 B.
695 1304 758 1383 Gr.
784 1308 807 1381 l.
833 1310 901 1384 111.
950 1308 1072 1385 Exstat
1105 1311 1215 1385 etiam
1242 1334 1263 1384 a
1288 1310 1336 1382 ud
1363 1307 1529 1382 Chishul.
1553 1305 1594 1380 iu

359 1402 485 1501 Antiq.
518 1402 624 1477 Asnt.
673 1402 842 1477 Ceterum
868 1406 993 1499 motari
1032 1428 1212 1496 meretur,
1256 1336 1330 1504 ios.
1361 1422 1490 1478 contu
1523 1402 1595 1500 Ap.

360 1504 383 1579 l.
411 1498 458 1575 Il.
486 1500 642 1589 tradere,
676 1496 772 1571 Euer
819 1518 902 1591 ten,
945 1518 1017 1577 rora
1043 1502 1143 1599 Syria
1166 1508 1200 1577 ui
1228 1518 1261 1576 er
1287 1506 1390 1575 armis
1411 1516 1599 1597 occupare,

360 1610 423 1674 nou
447 1592 525 1669 Diis
552 1594 744 1693 AEgypriit
760 1522 870 1693 faeere
884 1595 1029 1695 feciffe,
1063 1598 1141 1688 fed,
1167 1620 1242 1673 cum
1264 1594 1529 1693 Incresulymam
1545 1621 1602 1670 νι-

361 1688 480 1791 niffen,
520 1694 643 1767 multat
671 1688 810 1787 iustius,
846 1686 941 1785 fitur
964 1693 1064 1791 nostri
1088 1700 1189 1769 merit
1213 1692 1280 1793 esi,
1313 1694 1385 1766 Deo
1406 1690 1601 1787 inmolaffe,

357 1804 397 1873 er
420 1784 574 1881 donaria,
608 1790 743 1861 villaria
767 1790 890 1885 digna,
930 1790 1097 1887 dedicuffe.
1185 1814 1249 1865 uae
1275 1812 1362 1863 num
1386 1786 1601 1885 peremnia

357 1886 433 1965 unt
455 1902 561 1977 vera,
587 1880 717 1959 nescio.
765 1884 850 1957 Deo
875 1884 1009 1961 Israelis
1026 1908 1110 1961 eum
1132 1884 1359 1975 sacrificalle,
1385 1894 1424 1957 e't
1449 1882 1602 1957 donaria

363 1978 566 2070 dedicare,
591 1978 692 2053 facile
709 1976 946 2070 crediderim,
970 1980 1030 2056 sed
1043 1980 1126 2056 Diis
1142 1981 1345 2081 AEgyptiis
1363 1980 1458 2061 nulla
1475 1977 1608 2051 feciffe

364 2076 492 2167 sucta,
524 2075 639 2151 minus
674 2074 843 2150 credibile
877 2076 1021 2151 videtur
1045 2076 1090 2151 de
1115 2100 1229 2175 rege,
1269 2076 1330 2173 qui
1362 2077 1411 2150 ob
1437 2074 1606 2149 Numina

365 2170 601 2271 AEgyptiata
627 2168 784 2243 restituta
811 2170 954 2247 titulum
979 2176 1158 2269 Euergetis
1181 2171 1343 2271 accepit,
1385 2171 1518 2269 quique
1540 2171 1606 2259 se,

364 2268 408 2349 in
433 2286 665 2343 monumento
689 2264 898 2359 Adulitico,
939 2268 1082 2342 Deorum
1094 2268 1331 2367 sospitatorem
1354 2286 1552 2364 nepotem,
1582 2288 1607 2339 e

366 2364 1141 2538 tltsenlli‘l'llunlfflffl?
1342 2362 1610 2533 ruem

363 2482 625 2643 fiiiigtume,
666 2485 839 2630 decline:
883 2554 937 2628 uti
960 2460 1134 2631 udeDiiiii1
1143 2514 1210 2631 'xlz
1227 2482 1451 2653 a&mejam
1476 2482 1606 2628 ‹iuter-

364 2648 464 2733 tmui.
513 2648 681 2749 Denique
715 2650 754 2724 in
784 2648 922 2725 laudem
956 2654 1033 2749 ejus
1064 2651 1181 2726 notari
1212 2665 1416 2741 meretur,
1438 2671 1522 2724 eum
1552 2650 1606 2724 ab

367 2742 575 2833 nnmrcho
613 2742 814 2837 erudittun,
862 2764 903 2819 et
937 2746 1061 2843 quavis
1097 2746 1246 2824 scientia
1278 2748 1442 2823 inbutum
1474 2742 1606 2835 nulle,

366 2840 631 2926 Bibliothecam
665 2862 808 2941 quoque
838 2840 1115 2918 Alexandrinam
1140 2846 1292 2936 auxilie,
1331 2842 1437 2940 eique
1462 2840 1611 2940 praeie-

368 2942 456 3022 eine
481 2936 752 3015 Eratosthenem
768 2938 1024 3035 Cyreniaeum,
1048 2939 1260 3015 eruditionis
1281 2940 1375 3015 fama
1397 2940 1608 3030 celebrem,

372 3062 411 3118 et
437 3055 598 3117 autorem
625 3034 776 3133 catalogi
803 3058 929 3133 regum
952 3034 1207 3113 Thebanorum
1235 3038 1274 3113 in
1443 3054 1504 3126 to,
1538 3034 1602 3131 qui

366 3130 537 3237 superest.
585 3128 696 3207 Hunc
721 3148 792 3207 tam
814 3128 1021 3206 laudabilem
1045 3154 1169 3230 regem
1186 3132 1328 3209 fuiffea
1381 3133 1433 3205 ho
1456 3155 1481 3204 e
1504 3129 1601 3204 vivis

367 3255 535 3321 veneno,
568 3250 739 3305 unacum
762 3250 893 3318 uxore,
935 3226 1127 3320 sublatum,
1169 3228 1276 3304 tradit
1323 3225 1389 3302 ust.
1413 3228 1435 3300 l.
1461 3226 1604 3303 XXIX.

360 3326 433 3405 ted
456 3350 525 3425 qua
549 3324 620 3399 fide
644 3348 716 3401 non
743 3322 903 3415 constat,
929 3344 1011 3401 cum
1034 3346 1142 3399 nemo
1165 3326 1252 3399 alius
1274 3348 1349 3398 eus
1367 3322 1602 3413 meminerit,

367 3436 410 3497 'et
435 3422 557 3517 Polyb.
582 3422 603 3494 l.
629 3423 675 3495 ll.
700 3422 849 3511 referat,
886 3442 969 3495 eum
991 3444 1136 3521 aegrum
1160 3420 1263 3499 liriffe
1285 3350 1417 3496 iulum
1440 3436 1483 3492 et
1506 3440 1606 3495 mor·

369 3534 485 3593 tuum.
534 3514 715 3611 Regnavit
737 3540 818 3592 ann.
848 3538 905 3607 25.

416 3610 449 3713 ς.
475 3608 733 3686 ccccxxiv.
781 3612 972 3711 Hucusque
993 3635 1143 3710 regnum
1167 3612 1337 3710 AEgypti
1360 3610 1479 3687 suerat
1500 3611 1602 3709 pros-

399 3728 498 3782 erum
522 3720 561 3775 et
587 3725 739 3801 potens,
773 3706 833 3783 sed
860 3732 943 3783 curn
967 3728 1083 3785 morte
1109 3708 1317 3807 Euergetis,
1350 3730 1494 3782 omnem
1517 3729 1598 3803 per·

364 3734 466 3881 iidie
490 3799 732 3899 splendorem,
774 3822 812 3877 et
836 3804 937 3881 varie
972 3806 1176 3883 eoncullum
1202 3802 1276 3897 est,
1316 3828 1399 3902 prae
1426 3802 1603 3893 mollitie,

370 3902 481 3991 luxu,
507 3915 543 3969 et
562 3896 749 3993 tyrannide
766 3900 929 3994 Regum,
954 3904 1045 3977 adeo
1069 3922 1108 3978 ut
1135 3902 1208 3977 sese
1231 3922 1306 3976 non
1333 3900 1397 3975 nifi
1416 3902 1602 3973 Romano·

368 4018 450 4071 rum
483 3994 612 4084 tutela,
655 4008 692 4063 et
718 4012 964 4069 extraneorum
999 4020 1090 4093 ope,
1132 3996 1225 4073 tueri
1256 3996 1426 4095 potuerit.
1476 4000 1606 4071 Omnes

368 4090 443 4191 post
466 4094 599 4163 tertium
624 4108 731 4185 regem
750 4086 1000 4189 (Euergeten)
1019 4091 1107 4165 teste
1130 4092 1303 4170 sumone
1318 4094 1341 4167 l.
1366 4093 1491 4167 XVII.
1518 4097 1603 4165 latu

365 4188 517 4287 perditi,
540 4188 625 4261 male
649 4208 715 4259 rem
739 4184 1027 4283 administrarem,
1053 4194 1191 4265 ementem
1213 4188 1343 4289 peffime
1370 4204 1530 4287 quartus,
1567 4204 1601 4261 et

360 4286 542 4385 ,septimum
581 4299 613 4354 er
637 4284 769 4357 tutinus
795 4281 943 4389 fluletes.
993 4284 1145 4391 Quartus
1178 4284 1265 4378 iste,
1309 4287 1407 4383 cujus
1433 4280 1600 4357 meminit

369 4380 497 4463 strabo
509 4433 522 4477 ,
562 4376 615 4456 eil
641 4376 828 4483 Euergetis
857 4377 951 4466 fiu‘ue
977 4399 1016 4463 et
1040 4380 1224 4488 Succeffor
1254 4384 1463 4465 Ptolemaeus
1489 4381 1602 4456 Pullo·

553 4514 560 4527 .
728 4522 735 4539 ,
963 4513 968 4523 .
1475 4492 1600 4579 pm,
