3575 5884
635 1170 677 1245 :r
707 1168 1083 1279 .'Perr‘o'dur'.·52olllra..'·z
1105 1178 1177 1281 *tr
1431 1206 1520 1283 ΜΨ.

323 1348 414 1447 Jofite
437 1348 651 1453 viguill'ein
665 1374 798 1451 genere
820 1352 970 1429 traditur
984 1352 1031 1427 in
1047 1352 1128 1429 libri
1151 1352 1518 1457 inscriptione,·ubs·.,

318 1472 415 1547 quent
432 1452 598 1539 addatur,
621 1472 705 1523 nurn
719 1448 757 1521 in
776 1448 904 1539 initio,
927 1474 972 1527 an
988 1449 1129 1541 medio,
1146 1472 1205 1526 aut
1221 1454 1293 1537 fine
1310 1454 1385 1551 ejus
1401 1458 1517 1559 regnit

315 1549 482 1623 conciones
506 1543 689 1635 habuerit,
711 1546 815 1642 quod
838 1546 1034 1629 adcuratius
1058 1540 1434 1645 ,deffiiviffessfmulmm
1460 1554 1506 1643 ad

235 1678 238 1687 ·
308 1640 506 1719 irtelledlnm
530 1640 613 1738 libri
636 1642 712 1737 ejus
733 1640 925 1739 conducit„
960 1644 1056 1721 Prior
1084 1642 1216 1727 concio
1230 1698 1235 1732 2
1251 1668 1331 1761 σῃ)..-
1355 1638 1518 1741 Ljrgrsus

301 1739 406 1817 habita
437 1736 495 1813 est.
516 1758 688 1833 ternpore·
708 1734 942 1828 intermedio,
981 1738 1079 1821 ¹inter
1110 1762 1239 1817 annum
1266 1766 1350 1840 equa,
1363 1740 1515 1843 ‚ramum-

299 1856 331 1913 et
354 1846 497 1924 rssoum,
528 1834 686 1929 adeoque
709 1855 790 1907 cum
815 1832 996 1931 inceperat
1017 1834 1090 1931 jam
1113 1833 1344 1921 idololatriam
1370 1836 1515 1935 delirus

292 1958 365 2025 tre,
399 1930 461 2006 sed
482 1947 667 2026 antequam
691 1928 735 2003 ad
759 1928 959 2005 uberiorem
991 1930 1280 2006 reformationem
1304 1930 1505 2015 admoverit

289 2050 446 2107 nanum:
486 2024 643 2123 posterior
665 2048 752 2098 vero
777 2048 853 2121 cap.
879 2028 944 2101 ΙΙΙ.
968 2025 1029 2100 sub
1054 2026 1162 2101 finem
1187 2026 1321 2123 Joftae,
1351 2036 1513 2131 quando·

287 2122 486 2205 idololatria
516 2120 658 2218 quidem
689 2120 829 2216 publice
861 2143 934 2201 non
969 2122 1134 2219 vigebat,
1175 2141 1331 2213 attamen
1363 2152 1517 2219 morum·

287 2220 475 2317 cormptio
491 2217 528 2291 se
550 2215 663 2289 rursus
679 2215 780 2289 valde
802 2216 1005 2309 exserebat,
1029 2234 1068 2293 et
1084 2216 1293 2305 reformatio
1315 2220 1510 2321 regrs'vrm,

285 2322 385 2398 suam
408 2315 485 2387 fere
511 2335 654 2385 mnnern
680 2306 889 2406 perdiderat.
920 2324 924 2371 :
1149 2366 1151 2373 .
1341 2358 1354 2409 .·
1498 2312 1516 2399 ,Γ

297 2414 368 2583 ἓ.
400 2408 612 2484 CCXXXII.
659 2406 729 2480 Sed
765 2431 921 2506 agamus,
934 2402 1039 2504 paulo
1077 2406 1273 2487 distinsliut
1317 2429 1355 2499 et
1387 2408 1507 2509 fulina,

284 2512 327 2585 Τ
354 2504 578 2581 EPHANlA
595 2502 709 2579 ΝΜ
721 2501 758 2579 b.
776 2529 808 2578 e.
833 2508 966 2580 reconde
978 2503 1133 2597 'Jclrovo,
1151 2508 1202 2581 ita
1218 2505 1333 2583 didius
1348 2534 1393 2584 err
1411 2510 1508 2585 voto'

374 2621 473 2677 ntum
489 2601 621 2700 dehoc
645 2600 741 2687 lilio,
767 2618 928 2698 tanquam
946 2598 1126 2691 thesauro,
1152 2604 1366 2697 occulendo,
1392 2624 1428 2679 et
1446 2626 1511 2695 tu·¹

284 2723 326 2779 ro
349 2696 549 2786 reddendo,
580 2718 625 2767 ex
650 2692 835 2771 illustriore
860 2695 1001 2769 videtur
1023 2694 1153 2771 familia
1179 2718 1299 2791 natur,
1326 2702 1405 2797 quia
1429 2726 1502 2777 ma·

286 2802 297 2820 ·
323 2820 403 2871 rum
430 2796 506 2890 ejus
528 2789 671 2866 nomina
694 2790 732 2863 in
760 2791 842 2867 libri
868 2790 1100 2886 instriptione
1126 2794 1371 2887 recensentur3
1429 2798 1502 2873 uod

281 2894 370 2971 arias
396 2890 475 2963 fieri
500 2910 573 2960 non
594 2886 743 2976 solebat,
786 2910 854 2960 nec
877 2888 920 2961 ad
944 2886 1140 2983 prophetae
1174 2890 1366 2985 porsonam.
1381 2892 1502 2969 drstin·

283 2988 463 3087 guendam
492 2983 610 3058 fuilfet
642 2983 879 3059 necessarium.
931 2983 1085 3077 ilrrrpur,
1128 3009 1197 3080 quo
1224 2987 1415 3063 conciones
1440 2991 1506 3063 ha·¹

282 3084 388 3174 buit,
413 3081 450 3154 in
472 3102 603 3177 genere
629 3102 741 3175 regno
766 3078 878 3176 Jofiae
900 3079 1091 3174 adligatum
1117 3078 1196 3171 sed,
1221 3106 1304 3156 num
1332 3086 1374 3158 ad
1403 3085 1506 3159 initi-¹

283 3205 369 3271 um,
410 3196 470 3250 aut
496 3173 670 3263 medium,
704 3193 763 3247 aut
787 3175 894 3249 finem
919 3177 992 3270 ejus
1017 3172 1213 3269 pertineat,
1245 3201 1318 3253 non
1340 3180 1502 3266 additum

279 3300 390 3377 qnare
426 3272 510 3347 illud
543 3295 589 3344 ex
614 3269 688 3364 ipso
718 3269 809 3345 libro
842 3270 893 3353 est
924 3269 1125 3346 eruendum.
1168 3272 1272 3381 ¹Quae
1310 3276 1503 3373 disquisitio

308 3391 475 3469 ropterea
500 3365 551 3441 est
566 3365 797 3456 instituenda,
824 3365 918 3464 qnod
938 3366 1102 3442 notabilis
1119 3371 1268 3461 mutatio
1293 3374 1501 3535 perdlofmm

280 3398 414 3556 inerit,
450 3464 488 3539 in
513 3486 554 3537 re
576 3460 777 3558 religionis,
810 3460 1010 3537 introdusit
1059 3489 1096 3537 er
1122 3462 1266 3559 gradus,
1302 3483 1338 3559 et
1386 3465 1502 3539 iverso

284 3584 457 3659 ternpore.
506 3557 727 3634 idololatriae
763 3557 1006 3653 exstirpandae
1032 3562 1236 3643 incumbere
1269 3558 1390 3653 coepit
1419 3563 1501 3639 Rex

279 3682 377 3737 anno
400 3656 501 3755 regni
518 3658 717 3743 duodecimo,
742 3654 825 3727 dein
850 3679 943 3728 anno
969 3657 1214 3727 ‹lacinto-orioro
1234 3648 1325 3726 Tem
1353 3656 1422 3731 lum
1447 3658 1500 3735 in-

279 3753 399 3831 stituit
424 3776 593 3850 purgare,
618 3770 675 3839 et,
700 3751 790 3823 libro
806 3750 893 3849 legis
909 3748 1021 3823 Mosrs
1036 3767 1198 3844 reperto,
1224 3748 1377 3825 serenus
1393 3780 1497 3854 urge.

278 3876 321 3927 re
344 3847 635 3923 reformationem
668 3845 814 3943 populi,
854 3845 1000 3933 foedere
1026 3867 1164 3940 quoque
1197 3845 1291 3919 inter
1317 3850 1435 3926 Deum
1463 3874 1501 3929 et
1608 3864 1611 3873 '

279 3947 454 4047 populum
483 3941 672 4016 solenniter
705 3941 828 4037 padio,
874 3940 1042 4014 2chron.
1079 3941 1253 4016 XXXIV.
1310 3945 1501 4050 Quaeritur

280 4067 399 4131 nunc,
427 4064 496 4135 quo
521 4036 678 4135 praeciso
702 4058 863 4131 tempore
887 4034 1004 4107 editae
1030 4034 1161 4109 fuerint
1185 4038 1253 4111 hae
1279 4043 1500 4115 conciones?

280 4164 350 4216 nec
376 4137 503 4210 eodem
528 4134 633 4206 modo
657 4132 835 4207 definitur.
884 4129 982 4204 Mihi
1015 4133 1195 4226 probabile
1221 4132 1381 4224 videtur,
1412 4144 1501 4232 prio·

281 4261 350 4312 rem
373 4231 585 4306 concionem
609 4252 684 4323 cap.
710 4231 728 4299 l
756 4247 793 4300 et
814 4230 861 4301 11.
888 4246 959 4301 tem
988 4228 1039 4301 ori
1065 4226 1296 4318 intermedio,
1321 4228 1415 4303 inter
1441 4259 1500 4311 on-

278 4356 367 4409 num
392 4327 495 4426 regni
524 4348 654 4398 romum
680 4342 717 4394 et
744 4332 884 4413 18oom‚
918 4348 937 4396 e
967 4348 986 4396 e
1012 4323 1248 4423 adligandam,
1283 4347 1363 4397 cum
1389 4325 1501 4404 idolo-

277 4426 418 4505 latriam
440 4421 581 4520 quidem
608 4444 688 4495 cum
714 4417 866 4496 successu
899 4440 1067 4530 coeperat
1092 4443 1315 4519 oppugnare,
1357 4422 1415 4497 fed
1440 4450 1499 4497 an-

279 4544 423 4618 tequam
464 4518 506 4593 ad
552 4517 751 4591 uberiorem
792 4516 1083 4591 reformatronem
1131 4538 1250 4587 manus
1290 4513 1498 4595 admoverit.

277 4620 386 4729 'Quae
416 4610 625 4719 hypothefia
657 4613 697 4693 in
728 4610 811 4697 duas
834 4613 1005 4783 scianditur
1030 4611 1145 4689 theses
1153 4663 1166 4704 ,
1206 4630 1309 4688 unam
1317 4665 1331 4705 ,
1363 4631 1502 4799 tempqs

361 4770 370 4779 .
940 4729 964 4805 3
1430 4730 1503 4793 et

1500 4812 1610 5040 A
