<?xml version="1.0" encoding="UTF-8"?>
<!DOCTYPE html PUBLIC "-//W3C//DTD XHTML 1.0 Transitional//EN"
    "http://www.w3.org/TR/xhtml1/DTD/xhtml1-transitional.dtd">
<html xmlns="http://www.w3.org/1999/xhtml" xml:lang="en" lang="en">
 <head>
  <title>
</title>
<meta http-equiv="Content-Type" content="text/html;charset=utf-8" />
  <meta name='ocr-system' content='tesseract 3.04.00' />
  <meta name='ocr-capabilities' content='ocr_page ocr_carea ocr_par ocr_line ocrx_word'/>
</head>
<body>
  <div class='ocr_page' id='page_1' title='image "./hermannivenemai04venegoog/hermannivenemai04venegoog_0384.png"; bbox 0 0 3575 5884; ppageno 0'>
   <div class='ocr_carea' id='block_1_1' title="bbox 298 1106 1182 1219">
    <p class='ocr_par' dir='ltr' id='par_1_1' title="bbox 298 1106 1182 1219">
     <span class='ocr_line' id='line_1_1' title="bbox 298 1106 1182 1219; baseline -0.012 -22"><span class='ocrx_word' id='word_1_1' title='bbox 298 1121 371 1219; x_wconf 76' lang='lat'>376</span> <span class='ocrx_word' id='word_1_2' title='bbox 469 1131 481 1138; x_wconf 85' lang='grc'>”</span> <span class='ocrx_word' id='word_1_3' title='bbox 641 1110 787 1216; x_wconf 70' lang='lat' dir='ltr'>mfloria</span> <span class='ocrx_word' id='word_1_4' title='bbox 811 1106 1113 1212; x_wconf 69' lang='lat' dir='ltr'>EcclesiasticaV.</span> <span class='ocrx_word' id='word_1_5' title='bbox 1141 1108 1182 1186; x_wconf 86' lang='lat' dir='ltr'>T.</span> 
     </span>
    </p>
   </div>
   <div class='ocr_carea' id='block_1_2' title="bbox 163 1272 1526 4765">
    <p class='ocr_par' dir='ltr' id='par_1_2' title="bbox 163 1272 1523 4086">
     <span class='ocr_line' id='line_1_2' title="bbox 298 1272 1523 1395; baseline -0.001 -18"><span class='ocrx_word' id='word_1_6' title='bbox 298 1301 497 1377; x_wconf 90' lang='lat' dir='ltr'>Hamanem</span> <span class='ocrx_word' id='word_1_7' title='bbox 522 1294 615 1373; x_wconf 83' lang='lat' dir='ltr'>inter</span> <span class='ocrx_word' id='word_1_8' title='bbox 639 1272 702 1369; x_wconf 68' lang='lat' dir='ltr'>eh&#39;s·</span> <span class='ocrx_word' id='word_1_9' title='bbox 728 1293 830 1369; x_wconf 85' lang='lat' dir='ltr'>fiiiffe</span> <span class='ocrx_word' id='word_1_10' title='bbox 855 1293 1007 1386; x_wconf 83' lang='lat' dir='ltr'>aulicos,</span> <span class='ocrx_word' id='word_1_11' title='bbox 1048 1292 1174 1392; x_wconf 84' lang='lat' dir='ltr'>quibus</span> <span class='ocrx_word' id='word_1_12' title='bbox 1199 1289 1358 1369; x_wconf 80' lang='lat' dir='ltr'>Estheris</span> <span class='ocrx_word' id='word_1_13' title='bbox 1377 1300 1523 1395; x_wconf 79' lang='lat' dir='ltr'>nuptiae</span> 
     </span>
     <span class='ocr_line' id='line_1_3' title="bbox 299 1390 1523 1494; baseline -0.001 -22"><span class='ocrx_word' id='word_1_14' title='bbox 299 1421 382 1472; x_wconf 90' lang='lat' dir='ltr'>cum</span> <span class='ocrx_word' id='word_1_15' title='bbox 410 1420 494 1494; x_wconf 88' lang='lat' dir='ltr'>rege</span> <span class='ocrx_word' id='word_1_16' title='bbox 521 1415 626 1491; x_wconf 86' lang='lat' dir='ltr'>aegre</span> <span class='ocrx_word' id='word_1_17' title='bbox 654 1391 815 1466; x_wconf 89' lang='lat' dir='ltr'>suerunt:</span> <span class='ocrx_word' id='word_1_18' title='bbox 860 1390 908 1491; x_wconf 86' lang='lat' dir='ltr'>de</span> <span class='ocrx_word' id='word_1_19' title='bbox 933 1397 1070 1487; x_wconf 84' lang='lat' dir='ltr'>quoad</span> <span class='ocrx_word' id='word_1_20' title='bbox 1103 1414 1181 1488; x_wconf 90' lang='lat' dir='ltr'>cap.</span> <span class='ocrx_word' id='word_1_21' title='bbox 1206 1393 1255 1465; x_wconf 89' lang='lat' dir='ltr'>ll:</span> <span class='ocrx_word' id='word_1_22' title='bbox 1284 1415 1398 1482; x_wconf 90' lang='lat'><em>19.-</em></span> <span class='ocrx_word' id='word_1_23' title='bbox 1417 1398 1523 1471; x_wconf 87' lang='lat' dir='ltr'>modo</span> 
     </span>
     <span class='ocr_line' id='line_1_4' title="bbox 299 1487 1516 1591; baseline -0.003 -23"><span class='ocrx_word' id='word_1_24' title='bbox 299 1495 383 1591; x_wconf 90' lang='lat' dir='ltr'>quid</span> <span class='ocrx_word' id='word_1_25' title='bbox 410 1490 552 1579; x_wconf 89' lang='lat' dir='ltr'>monui,</span> <span class='ocrx_word' id='word_1_26' title='bbox 579 1508 761 1587; x_wconf 87' lang='lat' dir='ltr'>praeterea</span> <span class='ocrx_word' id='word_1_27' title='bbox 784 1487 961 1562; x_wconf 81' lang='lat' dir='ltr'>nonnullis</span> <span class='ocrx_word' id='word_1_28' title='bbox 982 1490 1054 1585; x_wconf 92' lang='lat' dir='ltr'>jam</span> <span class='ocrx_word' id='word_1_29' title='bbox 1079 1487 1313 1584; x_wconf 77' lang='lat' dir='ltr'>suspicionem</span> <span class='ocrx_word' id='word_1_30' title='bbox 1336 1487 1438 1566; x_wconf 85' lang='lat' dir='ltr'>fuiss&#39;e</span> <span class='ocrx_word' id='word_1_31' title='bbox 1464 1516 1516 1565; x_wconf 89' lang='lat' dir='ltr'>or·</span> 
     </span>
     <span class='ocr_line' id='line_1_5' title="bbox 297 1583 1512 1681; baseline -0.001 -18"><span class='ocrx_word' id='word_1_32' title='bbox 297 1609 390 1678; x_wconf 89' lang='lat' dir='ltr'>tam,</span> <span class='ocrx_word' id='word_1_33' title='bbox 414 1585 618 1676; x_wconf 87' lang='lat' dir='ltr'>Estherem,</span> <span class='ocrx_word' id='word_1_34' title='bbox 653 1609 764 1680; x_wconf 87' lang='lat' dir='ltr'>gentis</span> <span class='ocrx_word' id='word_1_35' title='bbox 788 1586 886 1658; x_wconf 90' lang='lat' dir='ltr'>suurn</span> <span class='ocrx_word' id='word_1_36' title='bbox 912 1606 1101 1681; x_wconf 89' lang='lat' dir='ltr'>propterea</span> <span class='ocrx_word' id='word_1_37' title='bbox 1130 1606 1200 1658; x_wconf 92' lang='lat' dir='ltr'>tam</span> <span class='ocrx_word' id='word_1_38' title='bbox 1227 1583 1379 1659; x_wconf 90' lang='lat' dir='ltr'>studiose</span> <span class='ocrx_word' id='word_1_39' title='bbox 1404 1589 1512 1662; x_wconf 88' lang='lat' dir='ltr'>occul·</span> 
     </span>
     <span class='ocr_line' id='line_1_6' title="bbox 297 1680 1511 1779; baseline -0.002 -19"><span class='ocrx_word' id='word_1_40' title='bbox 297 1685 401 1772; x_wconf 82' lang='lat' dir='ltr'>talse,</span> <span class='ocrx_word' id='word_1_41' title='bbox 428 1682 521 1779; x_wconf 91' lang='lat' dir='ltr'>quod</span> <span class='ocrx_word' id='word_1_42' title='bbox 546 1681 684 1775; x_wconf 85' lang='lat' dir='ltr'>Judaea</span> <span class='ocrx_word' id='word_1_43' title='bbox 709 1680 818 1767; x_wconf 81' lang='lat' dir='ltr'>ellet3</span> <span class='ocrx_word' id='word_1_44' title='bbox 851 1680 1003 1777; x_wconf 81' lang='lat' dir='ltr'>indeque</span> <span class='ocrx_word' id='word_1_45' title='bbox 1028 1682 1136 1755; x_wconf 87' lang='lat' dir='ltr'>etiam</span> <span class='ocrx_word' id='word_1_46' title='bbox 1161 1681 1337 1755; x_wconf 87' lang='lat' dir='ltr'>rationem</span> <span class='ocrx_word' id='word_1_47' title='bbox 1361 1682 1432 1757; x_wconf 81' lang='lat' dir='ltr'>effe</span> <span class='ocrx_word' id='word_1_48' title='bbox 1455 1684 1511 1757; x_wconf 91' lang='lat' dir='ltr'>de·</span> 
     </span>
     <span class='ocr_line' id='line_1_7' title="bbox 294 1776 1509 1874; baseline 0 -20"><span class='ocrx_word' id='word_1_49' title='bbox 294 1778 497 1866; x_wconf 89' lang='lat' dir='ltr'>rivandam,</span> <span class='ocrx_word' id='word_1_50' title='bbox 523 1779 618 1874; x_wconf 90' lang='lat' dir='ltr'>quod</span> <span class='ocrx_word' id='word_1_51' title='bbox 645 1777 910 1866; x_wconf 86' lang='lat' dir='ltr'>Mordachaeo,</span> <span class='ocrx_word' id='word_1_52' title='bbox 936 1776 996 1874; x_wconf 92' lang='lat' dir='ltr'>qui</span> <span class='ocrx_word' id='word_1_53' title='bbox 1024 1779 1060 1853; x_wconf 87' lang='lat' dir='ltr'>se</span> <span class='ocrx_word' id='word_1_54' title='bbox 1088 1777 1256 1872; x_wconf 81' lang='lat' dir='ltr'>Judaeum</span> <span class='ocrx_word' id='word_1_55' title='bbox 1276 1778 1351 1874; x_wconf 89' lang='lat' dir='ltr'>jam</span> <span class='ocrx_word' id='word_1_56' title='bbox 1369 1782 1509 1854; x_wconf 90' lang='lat' dir='ltr'>nonnul·</span> 
     </span>
     <span class='ocr_line' id='line_1_8' title="bbox 292 1870 1506 1971; baseline -0.002 -21"><span class='ocrx_word' id='word_1_57' title='bbox 292 1875 336 1950; x_wconf 92' lang='lat' dir='ltr'>lis</span> <span class='ocrx_word' id='word_1_58' title='bbox 351 1875 614 1965; x_wconf 85' lang='lat' dir='ltr'>declaraverat,</span> <span class='ocrx_word' id='word_1_59' title='bbox 640 1893 825 1969; x_wconf 88' lang='lat' dir='ltr'>tantopere</span> <span class='ocrx_word' id='word_1_60' title='bbox 844 1870 994 1948; x_wconf 86' lang='lat' dir='ltr'>faveret.</span> <span class='ocrx_word' id='word_1_61' title='bbox 1042 1875 1138 1948; x_wconf 87' lang='lat' dir='ltr'>Addi</span> <span class='ocrx_word' id='word_1_62' title='bbox 1159 1875 1253 1946; x_wconf 82' lang='lat' dir='ltr'>sorte</span> <span class='ocrx_word' id='word_1_63' title='bbox 1273 1871 1412 1971; x_wconf 88' lang='lat' dir='ltr'>potest,</span> <span class='ocrx_word' id='word_1_64' title='bbox 1437 1879 1506 1950; x_wconf 91' lang='lat' dir='ltr'>Ha·</span> 
     </span>
     <span class='ocr_line' id='line_1_9' title="bbox 291 1969 1505 2066; baseline 0 -21"><span class='ocrx_word' id='word_1_65' title='bbox 291 1969 404 2045; x_wconf 91' lang='lat' dir='ltr'>manis</span> <span class='ocrx_word' id='word_1_66' title='bbox 439 1969 570 2043; x_wconf 88' lang='lat' dir='ltr'>artibus</span> <span class='ocrx_word' id='word_1_67' title='bbox 595 1969 860 2043; x_wconf 88' lang='lat' dir='ltr'>adscribendum</span> <span class='ocrx_word' id='word_1_68' title='bbox 894 1969 986 2058; x_wconf 87' lang='lat' dir='ltr'>else,</span> <span class='ocrx_word' id='word_1_69' title='bbox 1027 1971 1120 2064; x_wconf 89' lang='lat' dir='ltr'>quod</span> <span class='ocrx_word' id='word_1_70' title='bbox 1142 1969 1266 2043; x_wconf 84' lang='lat' dir='ltr'>Esther</span> <span class='ocrx_word' id='word_1_71' title='bbox 1299 1994 1366 2066; x_wconf 88' lang='lat' dir='ltr'>per</span> <span class='ocrx_word' id='word_1_72' title='bbox 1398 1991 1505 2046; x_wconf 86' lang='lat' dir='ltr'>totum</span> 
     </span>
     <span class='ocr_line' id='line_1_10' title="bbox 293 2063 1500 2162; baseline -0.003 -20"><span class='ocrx_word' id='word_1_73' title='bbox 293 2067 459 2142; x_wconf 85' lang='lat' dir='ltr'>Mensem</span> <span class='ocrx_word' id='word_1_74' title='bbox 486 2065 594 2139; x_wconf 87' lang='lat' dir='ltr'>suerit</span> <span class='ocrx_word' id='word_1_75' title='bbox 624 2090 642 2138; x_wconf 83' lang='lat' dir='ltr'>a</span> <span class='ocrx_word' id='word_1_76' title='bbox 671 2068 773 2162; x_wconf 84' lang='lat' dir='ltr'>Rege</span> <span class='ocrx_word' id='word_1_77' title='bbox 799 2066 977 2161; x_wconf 73' lang='lat' dir='ltr'>neglecta,</span> <span class='ocrx_word' id='word_1_78' title='bbox 1019 2063 1071 2137; x_wconf 83' lang='lat' dir='ltr'>uti</span> <span class='ocrx_word' id='word_1_79' title='bbox 1103 2090 1134 2138; x_wconf 89' lang='lat' dir='ltr'>c.</span> <span class='ocrx_word' id='word_1_80' title='bbox 1161 2067 1230 2138; x_wconf 90' lang='lat' dir='ltr'>lV:</span> <span class='ocrx_word' id='word_1_81' title='bbox 1260 2088 1315 2156; x_wconf 83' lang='lat' dir='ltr'>ii.</span> <span class='ocrx_word' id='word_1_82' title='bbox 1350 2068 1500 2141; x_wconf 88' lang='lat' dir='ltr'>traditur.</span> 
     </span>
     <span class='ocr_line' id='line_1_11' title="bbox 292 2161 1502 2259; baseline -0.002 -22"><span class='ocrx_word' id='word_1_83' title='bbox 292 2162 419 2238; x_wconf 79' lang='lat' dir='ltr'>Esther</span> <span class='ocrx_word' id='word_1_84' title='bbox 447 2163 565 2259; x_wconf 87' lang='lat' dir='ltr'>itaque</span> <span class='ocrx_word' id='word_1_85' title='bbox 592 2162 646 2234; x_wconf 90' lang='lat' dir='ltr'>his</span> <span class='ocrx_word' id='word_1_86' title='bbox 670 2182 829 2256; x_wconf 83' lang='lat' dir='ltr'>permota</span> <span class='ocrx_word' id='word_1_87' title='bbox 855 2163 1069 2249; x_wconf 85' lang='lat' dir='ltr'>rationibus,</span> <span class='ocrx_word' id='word_1_88' title='bbox 1111 2182 1149 2234; x_wconf 88' lang='lat' dir='ltr'>et</span> <span class='ocrx_word' id='word_1_89' title='bbox 1172 2161 1345 2251; x_wconf 87' lang='lat' dir='ltr'>animata,</span> <span class='ocrx_word' id='word_1_90' title='bbox 1377 2165 1502 2237; x_wconf 77' lang='lat' dir='ltr'>aditum</span> 
     </span>
     <span class='ocr_line' id='line_1_12' title="bbox 292 2256 1501 2356; baseline -0.002 -23"><span class='ocrx_word' id='word_1_91' title='bbox 292 2259 337 2333; x_wconf 88' lang='lat' dir='ltr'>ad</span> <span class='ocrx_word' id='word_1_92' title='bbox 359 2283 501 2356; x_wconf 85' lang='lat' dir='ltr'>regem,</span> <span class='ocrx_word' id='word_1_93' title='bbox 527 2259 611 2332; x_wconf 90' lang='lat' dir='ltr'>licet</span> <span class='ocrx_word' id='word_1_94' title='bbox 628 2281 700 2329; x_wconf 91' lang='lat' dir='ltr'>non</span> <span class='ocrx_word' id='word_1_95' title='bbox 724 2256 907 2351; x_wconf 89' lang='lat' dir='ltr'>requisita,</span> <span class='ocrx_word' id='word_1_96' title='bbox 933 2260 1089 2352; x_wconf 80' lang='lat' dir='ltr'>adeoque</span> <span class='ocrx_word' id='word_1_97' title='bbox 1115 2281 1194 2331; x_wconf 92' lang='lat' dir='ltr'>cum</span> <span class='ocrx_word' id='word_1_98' title='bbox 1210 2257 1372 2353; x_wconf 82' lang='lat' dir='ltr'>periculo</span> <span class='ocrx_word' id='word_1_99' title='bbox 1391 2262 1501 2349; x_wconf 76' lang='lat' dir='ltr'>vitae,</span> 
     </span>
     <span class='ocr_line' id='line_1_13' title="bbox 163 2352 1510 2453; baseline 0 -25"><span class='ocrx_word' id='word_1_100' title='bbox 163 2449 168 2453; x_wconf 84' lang='lat'><em>.</em></span> <span class='ocrx_word' id='word_1_101' title='bbox 290 2355 471 2453; x_wconf 74' lang='lat' dir='ltr'>promisit,</span> <span class='ocrx_word' id='word_1_102' title='bbox 515 2373 573 2442; x_wconf 92' lang='lat' dir='ltr'>et,</span> <span class='ocrx_word' id='word_1_103' title='bbox 614 2352 799 2449; x_wconf 79' lang='lat' dir='ltr'>praemisso</span> <span class='ocrx_word' id='word_1_104' title='bbox 833 2352 956 2447; x_wconf 90' lang='lat' dir='ltr'>populi</span> <span class='ocrx_word' id='word_1_105' title='bbox 987 2353 1144 2448; x_wconf 88' lang='lat' dir='ltr'>jejunio,</span> <span class='ocrx_word' id='word_1_106' title='bbox 1183 2378 1224 2426; x_wconf 88' lang='lat' dir='ltr'>ac</span> <span class='ocrx_word' id='word_1_107' title='bbox 1252 2353 1510 2452; x_wconf 80' lang='lat' dir='ltr'>supplicatione</span> 
     </span>
     <span class='ocr_line' id='line_1_14' title="bbox 289 2447 1501 2550; baseline -0.001 -26"><span class='ocrx_word' id='word_1_108' title='bbox 289 2451 370 2548; x_wconf 90' lang='lat' dir='ltr'>opis</span> <span class='ocrx_word' id='word_1_109' title='bbox 387 2450 548 2537; x_wconf 87' lang='lat' dir='ltr'>divinae,</span> <span class='ocrx_word' id='word_1_110' title='bbox 576 2447 747 2543; x_wconf 83' lang='lat' dir='ltr'>suscepit,</span> <span class='ocrx_word' id='word_1_111' title='bbox 773 2447 877 2520; x_wconf 88' lang='lat' dir='ltr'>selice</span> <span class='ocrx_word' id='word_1_112' title='bbox 900 2472 981 2520; x_wconf 92' lang='lat' dir='ltr'>cum</span> <span class='ocrx_word' id='word_1_113' title='bbox 998 2449 1172 2538; x_wconf 82' lang='lat' dir='ltr'>successu,</span> <span class='ocrx_word' id='word_1_114' title='bbox 1197 2447 1256 2546; x_wconf 92' lang='lat' dir='ltr'>qui</span> <span class='ocrx_word' id='word_1_115' title='bbox 1283 2454 1329 2524; x_wconf 92' lang='lat' dir='ltr'>de</span> <span class='ocrx_word' id='word_1_116' title='bbox 1350 2449 1501 2550; x_wconf 77' lang='lat' dir='ltr'>singulari</span> 
     </span>
     <span class='ocr_line' id='line_1_15' title="bbox 288 2542 1500 2640; baseline 0.001 -19"><span class='ocrx_word' id='word_1_117' title='bbox 288 2546 362 2622; x_wconf 89' lang='lat' dir='ltr'>Dei</span> <span class='ocrx_word' id='word_1_118' title='bbox 398 2544 593 2618; x_wconf 70' lang='lat' dir='ltr'>direslione</span> <span class='ocrx_word' id='word_1_119' title='bbox 625 2566 764 2640; x_wconf 91' lang='lat' dir='ltr'>quoque</span> <span class='ocrx_word' id='word_1_120' title='bbox 796 2542 968 2632; x_wconf 85' lang='lat' dir='ltr'>testatur;</span> <span class='ocrx_word' id='word_1_121' title='bbox 1018 2545 1148 2640; x_wconf 90' lang='lat' dir='ltr'>quippe</span> <span class='ocrx_word' id='word_1_122' title='bbox 1182 2545 1240 2620; x_wconf 91' lang='lat' dir='ltr'>cui</span> <span class='ocrx_word' id='word_1_123' title='bbox 1283 2545 1500 2622; x_wconf 85' lang='lat' dir='ltr'>tribuendum</span> 
     </span>
     <span class='ocr_line' id='line_1_16' title="bbox 289 2639 1499 2748; baseline 0.001 -32"><span class='ocrx_word' id='word_1_124' title='bbox 289 2641 506 2729; x_wconf 88' lang='lat' dir='ltr'>censuerim,</span> <span class='ocrx_word' id='word_1_125' title='bbox 539 2640 632 2738; x_wconf 91' lang='lat' dir='ltr'>quod</span> <span class='ocrx_word' id='word_1_126' title='bbox 657 2639 772 2721; x_wconf 86' lang='lat' dir='ltr'>statim</span> <span class='ocrx_word' id='word_1_127' title='bbox 796 2663 838 2715; x_wconf 91' lang='lat' dir='ltr'>ac</span> <span class='ocrx_word' id='word_1_128' title='bbox 871 2640 907 2713; x_wconf 90' lang='lat' dir='ltr'>se</span> <span class='ocrx_word' id='word_1_129' title='bbox 929 2662 1046 2712; x_wconf 88' lang='lat' dir='ltr'>coram</span> <span class='ocrx_word' id='word_1_130' title='bbox 1071 2664 1179 2748; x_wconf 90' lang='lat' dir='ltr'>rege,</span> <span class='ocrx_word' id='word_1_131' title='bbox 1220 2643 1264 2714; x_wconf 88' lang='lat' dir='ltr'>ab</span> <span class='ocrx_word' id='word_1_132' title='bbox 1288 2666 1334 2717; x_wconf 90' lang='lat' dir='ltr'>eo</span> <span class='ocrx_word' id='word_1_133' title='bbox 1356 2667 1430 2717; x_wconf 93' lang='lat' dir='ltr'>non</span> <span class='ocrx_word' id='word_1_134' title='bbox 1451 2669 1499 2717; x_wconf 87' lang='lat' dir='ltr'>re·</span> 
     </span>
     <span class='ocr_line' id='line_1_17' title="bbox 287 2736 1500 2835; baseline 0.002 -24"><span class='ocrx_word' id='word_1_135' title='bbox 287 2738 433 2835; x_wconf 88' lang='lat' dir='ltr'>quisita,</span> <span class='ocrx_word' id='word_1_136' title='bbox 477 2737 626 2827; x_wconf 91' lang='lat' dir='ltr'>stiterit,</span> <span class='ocrx_word' id='word_1_137' title='bbox 666 2737 812 2833; x_wconf 87' lang='lat' dir='ltr'>gratiam</span> <span class='ocrx_word' id='word_1_138' title='bbox 836 2737 910 2833; x_wconf 90' lang='lat' dir='ltr'>ejus</span> <span class='ocrx_word' id='word_1_139' title='bbox 934 2737 996 2810; x_wconf 91' lang='lat' dir='ltr'>libi</span> <span class='ocrx_word' id='word_1_140' title='bbox 1028 2736 1294 2828; x_wconf 77' lang='lat' dir='ltr'>conciliaverit,</span> <span class='ocrx_word' id='word_1_141' title='bbox 1328 2761 1375 2813; x_wconf 90' lang='lat' dir='ltr'>eo</span> <span class='ocrx_word' id='word_1_142' title='bbox 1397 2738 1500 2815; x_wconf 87' lang='lat' dir='ltr'>etiam</span> 
     </span>
     <span class='ocr_line' id='line_1_18' title="bbox 236 2832 1496 2931; baseline 0.004 -26"><span class='ocrx_word' id='word_1_143' title='bbox 236 2859 241 2866; x_wconf 92' lang='lat'>·</span> <span class='ocrx_word' id='word_1_144' title='bbox 287 2835 416 2931; x_wconf 90' lang='lat' dir='ltr'>gradu,</span> <span class='ocrx_word' id='word_1_145' title='bbox 442 2833 535 2928; x_wconf 91' lang='lat' dir='ltr'>quod</span> <span class='ocrx_word' id='word_1_146' title='bbox 559 2856 678 2927; x_wconf 87' lang='lat' dir='ltr'>regem</span> <span class='ocrx_word' id='word_1_147' title='bbox 703 2833 764 2905; x_wconf 90' lang='lat' dir='ltr'>sibi</span> <span class='ocrx_word' id='word_1_148' title='bbox 790 2835 892 2928; x_wconf 90' lang='lat' dir='ltr'>plane</span> <span class='ocrx_word' id='word_1_149' title='bbox 917 2832 959 2904; x_wconf 89' lang='lat' dir='ltr'>ad</span> <span class='ocrx_word' id='word_1_150' title='bbox 984 2857 1124 2906; x_wconf 91' lang='lat' dir='ltr'>omnem</span> <span class='ocrx_word' id='word_1_151' title='bbox 1172 2835 1361 2908; x_wconf 90' lang='lat' dir='ltr'>etitionem</span> <span class='ocrx_word' id='word_1_152' title='bbox 1384 2836 1496 2910; x_wconf 86' lang='lat' dir='ltr'>conse·</span> 
     </span>
     <span class='ocr_line' id='line_1_19' title="bbox 286 2858 1495 3025; baseline 0.005 -24"><span class='ocrx_word' id='word_1_153' title='bbox 286 2929 459 3025; x_wconf 90' lang='lat' dir='ltr'>quendam</span> <span class='ocrx_word' id='word_1_154' title='bbox 491 2926 717 3016; x_wconf 81' lang='lat' dir='ltr'>devinxerit3</span> <span class='ocrx_word' id='word_1_155' title='bbox 751 2953 822 3000; x_wconf 91' lang='lat' dir='ltr'>non</span> <span class='ocrx_word' id='word_1_156' title='bbox 847 2926 1027 3020; x_wconf 87' lang='lat' dir='ltr'>obstante,</span> <span class='ocrx_word' id='word_1_157' title='bbox 1068 2858 1170 3024; x_wconf 76' lang='lat' dir='ltr'>quoti</span> <span class='ocrx_word' id='word_1_158' title='bbox 1185 2930 1399 3025; x_wconf 89' lang='lat' dir='ltr'>petitionem</span> <span class='ocrx_word' id='word_1_159' title='bbox 1430 2956 1495 3006; x_wconf 88' lang='lat' dir='ltr'>non</span> 
     </span>
     <span class='ocr_line' id='line_1_20' title="bbox 285 3023 1493 3127; baseline 0.005 -31"><span class='ocrx_word' id='word_1_160' title='bbox 285 3048 391 3113; x_wconf 87' lang='lat' dir='ltr'>mox,</span> <span class='ocrx_word' id='word_1_161' title='bbox 416 3023 475 3096; x_wconf 91' lang='lat' dir='ltr'>sed</span> <span class='ocrx_word' id='word_1_162' title='bbox 499 3025 612 3097; x_wconf 85' lang='lat' dir='ltr'>altero</span> <span class='ocrx_word' id='word_1_163' title='bbox 636 3024 776 3097; x_wconf 90' lang='lat' dir='ltr'>demum</span> <span class='ocrx_word' id='word_1_164' title='bbox 801 3024 993 3113; x_wconf 87' lang='lat' dir='ltr'>convivio,</span> <span class='ocrx_word' id='word_1_165' title='bbox 1020 3025 1096 3098; x_wconf 88' lang='lat' dir='ltr'>ase</span> <span class='ocrx_word' id='word_1_166' title='bbox 1120 3023 1310 3118; x_wconf 53' lang='lat' dir='ltr'>instrum,</span> <span class='ocrx_word' id='word_1_167' title='bbox 1336 3027 1414 3127; x_wconf 89' lang='lat' dir='ltr'>regi</span> <span class='ocrx_word' id='word_1_168' title='bbox 1438 3030 1493 3102; x_wconf 93' lang='lat' dir='ltr'>si·</span> 
     </span>
     <span class='ocr_line' id='line_1_21' title="bbox 281 3118 1494 3222; baseline 0.002 -29"><span class='ocrx_word' id='word_1_169' title='bbox 281 3119 506 3208; x_wconf 87' lang='lat' dir='ltr'>nificavcrit‚</span> <span class='ocrx_word' id='word_1_170' title='bbox 533 3119 705 3215; x_wconf 88' lang='lat' dir='ltr'>denique,</span> <span class='ocrx_word' id='word_1_171' title='bbox 731 3122 825 3217; x_wconf 92' lang='lat' dir='ltr'>quod</span> <span class='ocrx_word' id='word_1_172' title='bbox 843 3118 1003 3215; x_wconf 87' lang='lat' dir='ltr'>singulari</span> <span class='ocrx_word' id='word_1_173' title='bbox 1021 3120 1097 3193; x_wconf 90' lang='lat' dir='ltr'>casu</span> <span class='ocrx_word' id='word_1_174' title='bbox 1116 3122 1376 3199; x_wconf 87' lang='lat' dir='ltr'>Mordachaeus</span> <span class='ocrx_word' id='word_1_175' title='bbox 1398 3150 1441 3222; x_wconf 88' lang='lat' dir='ltr'>pa</span> <span class='ocrx_word' id='word_1_176' title='bbox 1474 3148 1494 3196; x_wconf 91' lang='lat' dir='ltr'>o</span> 
     </span>
     <span class='ocr_line' id='line_1_22' title="bbox 282 3214 1493 3312; baseline 0 -20"><span class='ocrx_word' id='word_1_177' title='bbox 282 3235 365 3292; x_wconf 77' lang='lat' dir='ltr'>ante</span> <span class='ocrx_word' id='word_1_178' title='bbox 388 3214 496 3290; x_wconf 89' lang='lat' dir='ltr'>fuerit</span> <span class='ocrx_word' id='word_1_179' title='bbox 519 3238 539 3287; x_wconf 91' lang='lat' dir='ltr'>a</span> <span class='ocrx_word' id='word_1_180' title='bbox 563 3216 685 3312; x_wconf 89' lang='lat' dir='ltr'>Rege,</span> <span class='ocrx_word' id='word_1_181' title='bbox 729 3238 795 3312; x_wconf 89' lang='lat' dir='ltr'>per</span> <span class='ocrx_word' id='word_1_182' title='bbox 819 3216 930 3312; x_wconf 92' lang='lat' dir='ltr'>ipsum</span> <span class='ocrx_word' id='word_1_183' title='bbox 955 3217 1173 3306; x_wconf 89' lang='lat' dir='ltr'>Hamanem,</span> <span class='ocrx_word' id='word_1_184' title='bbox 1206 3217 1342 3293; x_wconf 92' lang='lat' dir='ltr'>summo</span> <span class='ocrx_word' id='word_1_185' title='bbox 1363 3220 1493 3294; x_wconf 88' lang='lat' dir='ltr'>honore</span> 
     </span>
     <span class='ocr_line' id='line_1_23' title="bbox 278 3309 1491 3414; baseline 0 -25"><span class='ocrx_word' id='word_1_186' title='bbox 278 3313 425 3414; x_wconf 86' lang='lat' dir='ltr'>publice</span> <span class='ocrx_word' id='word_1_187' title='bbox 449 3309 615 3385; x_wconf 67' lang='lat' dir='ltr'>adfectus.</span> <span class='ocrx_word' id='word_1_188' title='bbox 663 3311 764 3413; x_wconf 83' lang='lat' dir='ltr'>Quae</span> <span class='ocrx_word' id='word_1_189' title='bbox 783 3311 922 3400; x_wconf 91' lang='lat' dir='ltr'>omnia,</span> <span class='ocrx_word' id='word_1_190' title='bbox 947 3311 1011 3385; x_wconf 91' lang='lat' dir='ltr'>nisi</span> <span class='ocrx_word' id='word_1_191' title='bbox 1037 3312 1112 3384; x_wconf 89' lang='lat' dir='ltr'>talis</span> <span class='ocrx_word' id='word_1_192' title='bbox 1129 3313 1281 3388; x_wconf 70' lang='lat' dir='ltr'>direslio</span> <span class='ocrx_word' id='word_1_193' title='bbox 1305 3314 1424 3391; x_wconf 86' lang='lat' dir='ltr'>divina</span> <span class='ocrx_word' id='word_1_194' title='bbox 1439 3317 1491 3391; x_wconf 89' lang='lat' dir='ltr'>ad·</span> 
     </span>
     <span class='ocr_line' id='line_1_24' title="bbox 283 3406 1490 3504; baseline -0.001 -18"><span class='ocrx_word' id='word_1_195' title='bbox 283 3412 465 3500; x_wconf 90' lang='lat' dir='ltr'>mittatur,</span> <span class='ocrx_word' id='word_1_196' title='bbox 490 3410 553 3485; x_wconf 85' lang='lat' dir='ltr'>viii</span> <span class='ocrx_word' id='word_1_197' title='bbox 569 3408 736 3504; x_wconf 82' lang='lat' dir='ltr'>explicari</span> <span class='ocrx_word' id='word_1_198' title='bbox 782 3406 919 3497; x_wconf 83' lang='lat' dir='ltr'>offunt,</span> <span class='ocrx_word' id='word_1_199' title='bbox 945 3427 982 3479; x_wconf 87' lang='lat' dir='ltr'>et</span> <span class='ocrx_word' id='word_1_200' title='bbox 999 3432 1063 3503; x_wconf 92' lang='lat' dir='ltr'>pro</span> <span class='ocrx_word' id='word_1_201' title='bbox 1082 3409 1235 3483; x_wconf 87' lang='lat' dir='ltr'>veritate</span> <span class='ocrx_word' id='word_1_202' title='bbox 1252 3411 1377 3486; x_wconf 88' lang='lat' dir='ltr'>haberi</span> <span class='ocrx_word' id='word_1_203' title='bbox 1391 3411 1490 3488; x_wconf 86' lang='lat' dir='ltr'>histo·</span> 
     </span>
     <span class='ocr_line' id='line_1_25' title="bbox 279 3433 1491 3604; baseline -0.002 -22"><span class='ocrx_word' id='word_1_204' title='bbox 279 3510 379 3598; x_wconf 79' lang='lat' dir='ltr'>rica,</span> <span class='ocrx_word' id='word_1_205' title='bbox 405 3510 484 3595; x_wconf 24' lang='lat' dir='ltr'>sedi,</span> <span class='ocrx_word' id='word_1_206' title='bbox 510 3527 552 3580; x_wconf 87' lang='lat' dir='ltr'>ea</span> <span class='ocrx_word' id='word_1_207' title='bbox 577 3503 709 3602; x_wconf 89' lang='lat' dir='ltr'>polita,</span> <span class='ocrx_word' id='word_1_208' title='bbox 749 3433 870 3578; x_wconf 67' lang='lat' dir='ltr'>lienes</span> <span class='ocrx_word' id='word_1_209' title='bbox 894 3504 1140 3581; x_wconf 87' lang='lat' dir='ltr'>nanciscuntur</span> <span class='ocrx_word' id='word_1_210' title='bbox 1167 3508 1371 3604; x_wconf 86' lang='lat' dir='ltr'>explicatus.</span> <span class='ocrx_word' id='word_1_211' title='bbox 1419 3511 1491 3585; x_wconf 86' lang='lat' dir='ltr'>Nec</span> 
     </span>
     <span class='ocr_line' id='line_1_26' title="bbox 282 3599 1489 3703; baseline 0.002 -26"><span class='ocrx_word' id='word_1_212' title='bbox 282 3627 327 3678; x_wconf 92' lang='lat' dir='ltr'>ea</span> <span class='ocrx_word' id='word_1_213' title='bbox 348 3602 555 3700; x_wconf 89' lang='lat' dir='ltr'>hypothesis</span> <span class='ocrx_word' id='word_1_214' title='bbox 580 3605 685 3700; x_wconf 87' lang='lat' dir='ltr'>longe</span> <span class='ocrx_word' id='word_1_215' title='bbox 712 3599 860 3699; x_wconf 78' lang='lat' dir='ltr'>quaesita</span> <span class='ocrx_word' id='word_1_216' title='bbox 885 3622 944 3674; x_wconf 92' lang='lat' dir='ltr'>aut</span> <span class='ocrx_word' id='word_1_217' title='bbox 968 3603 1141 3696; x_wconf 81' lang='lat' dir='ltr'>paradoxa</span> <span class='ocrx_word' id='word_1_218' title='bbox 1165 3601 1234 3692; x_wconf 91' lang='lat' dir='ltr'>est,</span> <span class='ocrx_word' id='word_1_219' title='bbox 1262 3628 1344 3680; x_wconf 91' lang='lat' dir='ltr'>cum</span> <span class='ocrx_word' id='word_1_220' title='bbox 1365 3604 1489 3703; x_wconf 76' lang='lat' dir='ltr'>jejunia</span> 
     </span>
     <span class='ocr_line' id='line_1_27' title="bbox 281 3697 1490 3801; baseline 0.002 -27"><span class='ocrx_word' id='word_1_221' title='bbox 281 3718 321 3774; x_wconf 93' lang='lat' dir='ltr'>et</span> <span class='ocrx_word' id='word_1_222' title='bbox 339 3697 610 3794; x_wconf 87' lang='lat' dir='ltr'>supplicationes</span> <span class='ocrx_word' id='word_1_223' title='bbox 626 3697 800 3789; x_wconf 88' lang='lat' dir='ltr'>Estheris,</span> <span class='ocrx_word' id='word_1_224' title='bbox 826 3697 1077 3788; x_wconf 87' lang='lat' dir='ltr'>Mordachaei,</span> <span class='ocrx_word' id='word_1_225' title='bbox 1102 3724 1142 3775; x_wconf 90' lang='lat' dir='ltr'>ac</span> <span class='ocrx_word' id='word_1_226' title='bbox 1160 3701 1269 3775; x_wconf 90' lang='lat' dir='ltr'>totius</span> <span class='ocrx_word' id='word_1_227' title='bbox 1294 3702 1422 3800; x_wconf 90' lang='lat' dir='ltr'>populi</span> <span class='ocrx_word' id='word_1_228' title='bbox 1439 3705 1460 3801; x_wconf 88' lang='lat' dir='ltr'>J</span> <span class='ocrx_word' id='word_1_229' title='bbox 1479 3738 1490 3753; x_wconf 94' lang='lat'>·</span> 
     </span>
     <span class='ocr_line' id='line_1_28' title="bbox 281 3793 1492 3897; baseline -0.002 -27"><span class='ocrx_word' id='word_1_230' title='bbox 281 3793 381 3884; x_wconf 89' lang='lat' dir='ltr'>daei,</span> <span class='ocrx_word' id='word_1_231' title='bbox 405 3793 675 3889; x_wconf 84' lang='lat' dir='ltr'>praecesserint,</span> <span class='ocrx_word' id='word_1_232' title='bbox 708 3816 745 3869; x_wconf 89' lang='lat' dir='ltr'>et</span> <span class='ocrx_word' id='word_1_233' title='bbox 770 3793 935 3869; x_wconf 83' lang='lat' dir='ltr'>auxilium</span> <span class='ocrx_word' id='word_1_234' title='bbox 960 3795 1031 3868; x_wconf 88' lang='lat' dir='ltr'>Dei</span> <span class='ocrx_word' id='word_1_235' title='bbox 1059 3797 1096 3870; x_wconf 92' lang='lat' dir='ltr'>in</span> <span class='ocrx_word' id='word_1_236' title='bbox 1120 3795 1278 3871; x_wconf 88' lang='lat' dir='ltr'>hostibus</span> <span class='ocrx_word' id='word_1_237' title='bbox 1300 3796 1492 3897; x_wconf 87' lang='lat' dir='ltr'>superandis</span> 
     </span>
     <span class='ocr_line' id='line_1_29' title="bbox 280 3890 1490 3992; baseline 0.005 -27"><span class='ocrx_word' id='word_1_238' title='bbox 280 3911 419 3992; x_wconf 88' lang='lat' dir='ltr'>quoque</span> <span class='ocrx_word' id='word_1_239' title='bbox 450 3890 676 3986; x_wconf 88' lang='lat' dir='ltr'>conspicuum</span> <span class='ocrx_word' id='word_1_240' title='bbox 701 3893 829 3982; x_wconf 90' lang='lat' dir='ltr'>fuerit,</span> <span class='ocrx_word' id='word_1_241' title='bbox 860 3892 966 3967; x_wconf 88' lang='lat' dir='ltr'>acab</span> <span class='ocrx_word' id='word_1_242' title='bbox 989 3891 1136 3966; x_wconf 88' lang='lat' dir='ltr'>Esthere</span> <span class='ocrx_word' id='word_1_243' title='bbox 1162 3912 1199 3965; x_wconf 89' lang='lat' dir='ltr'>et</span> <span class='ocrx_word' id='word_1_244' title='bbox 1228 3895 1490 3982; x_wconf 89' lang='lat' dir='ltr'>Mordachaeo,</span> 
     </span>
     <span class='ocr_line' id='line_1_30' title="bbox 280 3975 1229 4086; baseline 0 -24"><span class='ocrx_word' id='word_1_245' title='bbox 280 3991 320 4070; x_wconf 86' lang='lat' dir='ltr'>in</span> <span class='ocrx_word' id='word_1_246' title='bbox 343 3984 432 4062; x_wconf 82' lang='lat' dir='ltr'>sesto</span> <span class='ocrx_word' id='word_1_247' title='bbox 458 3984 470 4056; x_wconf 94' lang='lat' dir='ltr'>i</span> <span class='ocrx_word' id='word_1_248' title='bbox 524 3990 599 4079; x_wconf 78' lang='lat' dir='ltr'>ejus</span> <span class='ocrx_word' id='word_1_249' title='bbox 622 3989 828 4063; x_wconf 88' lang='lat' dir='ltr'>memoriam</span> <span class='ocrx_word' id='word_1_250' title='bbox 854 3975 1035 4079; x_wconf 76' lang='lat' dir='ltr'>instituite,</span> <span class='ocrx_word' id='word_1_251' title='bbox 1062 3988 1229 4086; x_wconf 86' lang='lat' dir='ltr'>agnitiun.</span> 
     </span>
    </p>

    <p class='ocr_par' dir='ltr' id='par_1_3' title="bbox 270 4082 1526 4741">
     <span class='ocr_line' id='line_1_31' title="bbox 330 4082 1503 4186; baseline 0.008 -31"><span class='ocrx_word' id='word_1_252' title='bbox 330 4086 361 4184; x_wconf 59' lang='lat' dir='ltr'>p.</span> <span class='ocrx_word' id='word_1_253' title='bbox 388 4082 681 4157; x_wconf 88' lang='lat' dir='ltr'><strong>CCCLXXVIII.</strong></span> <span class='ocrx_word' id='word_1_254' title='bbox 716 4085 928 4181; x_wconf 78' lang='lat' dir='ltr'>singularia,</span> <span class='ocrx_word' id='word_1_255' title='bbox 953 4085 1101 4180; x_wconf 82' lang='lat' dir='ltr'>quaein</span> <span class='ocrx_word' id='word_1_256' title='bbox 1126 4086 1192 4160; x_wconf 89' lang='lat' dir='ltr'>lrac</span> <span class='ocrx_word' id='word_1_257' title='bbox 1209 4083 1432 4186; x_wconf 84' lang='lat' dir='ltr'>catastrophe</span> <span class='ocrx_word' id='word_1_258' title='bbox 1448 4089 1503 4164; x_wconf 84' lang='lat' dir='ltr'>se·</span> 
     </span>
     <span class='ocr_line' id='line_1_32' title="bbox 273 4179 1509 4274; baseline 0.007 -21"><span class='ocrx_word' id='word_1_259' title='bbox 273 4180 313 4256; x_wconf 71' lang='lat' dir='ltr'>,se</span> <span class='ocrx_word' id='word_1_260' title='bbox 339 4179 516 4267; x_wconf 86' lang='lat' dir='ltr'>offerunt,</span> <span class='ocrx_word' id='word_1_261' title='bbox 541 4196 579 4247; x_wconf 90' lang='lat' dir='ltr'>ut</span> <span class='ocrx_word' id='word_1_262' title='bbox 605 4199 646 4250; x_wconf 83' lang='lat' dir='ltr'>ea</span> <span class='ocrx_word' id='word_1_263' title='bbox 673 4181 814 4274; x_wconf 88' lang='lat' dir='ltr'>paucis,</span> <span class='ocrx_word' id='word_1_264' title='bbox 842 4205 908 4253; x_wconf 90' lang='lat' dir='ltr'>una</span> <span class='ocrx_word' id='word_1_265' title='bbox 936 4206 1014 4255; x_wconf 87' lang='lat' dir='ltr'>cum</span> <span class='ocrx_word' id='word_1_266' title='bbox 1037 4183 1162 4258; x_wconf 87' lang='lat' dir='ltr'>mediis</span> <span class='ocrx_word' id='word_1_267' title='bbox 1185 4180 1346 4255; x_wconf 86' lang='lat' dir='ltr'>humanis</span> <span class='ocrx_word' id='word_1_268' title='bbox 1362 4185 1509 4261; x_wconf 68' lang='lat' dir='ltr'>adhibi‘</span> 
     </span>
     <span class='ocr_line' id='line_1_33' title="bbox 277 4273 1509 4377; baseline 0.006 -25"><span class='ocrx_word' id='word_1_269' title='bbox 277 4276 346 4366; x_wconf 88' lang='lat' dir='ltr'>tis,</span> <span class='ocrx_word' id='word_1_270' title='bbox 387 4273 586 4348; x_wconf 86' lang='lat' dir='ltr'>recenseam</span> <span class='ocrx_word' id='word_1_271' title='bbox 613 4295 650 4345; x_wconf 88' lang='lat' dir='ltr'>et</span> <span class='ocrx_word' id='word_1_272' title='bbox 673 4276 859 4365; x_wconf 85' lang='lat' dir='ltr'>illustrem,</span> <span class='ocrx_word' id='word_1_273' title='bbox 900 4277 1044 4351; x_wconf 89' lang='lat' dir='ltr'>suerunt</span> <span class='ocrx_word' id='word_1_274' title='bbox 1075 4278 1113 4352; x_wconf 91' lang='lat' dir='ltr'>in</span> <span class='ocrx_word' id='word_1_275' title='bbox 1144 4278 1268 4377; x_wconf 90' lang='lat' dir='ltr'>primis</span> <span class='ocrx_word' id='word_1_276' title='bbox 1302 4277 1509 4361; x_wconf 72' lang='lat' dir='ltr'>seientia</span> 
     </span>
     <span class='ocr_line' id='line_1_34' title="bbox 278 4302 1518 4471; baseline 0.008 -28"><span class='ocrx_word' id='word_1_277' title='bbox 278 4400 313 4450; x_wconf 84' lang='lat'>1.</span> <span class='ocrx_word' id='word_1_278' title='bbox 340 4373 484 4447; x_wconf 83' lang='lat' dir='ltr'>Primum</span> <span class='ocrx_word' id='word_1_279' title='bbox 510 4369 581 4458; x_wconf 87' lang='lat' dir='ltr'>est,</span> <span class='ocrx_word' id='word_1_280' title='bbox 605 4370 698 4465; x_wconf 90' lang='lat' dir='ltr'>quod</span> <span class='ocrx_word' id='word_1_281' title='bbox 721 4369 869 4460; x_wconf 84' lang='lat' dir='ltr'>Esther,</span> <span class='ocrx_word' id='word_1_282' title='bbox 894 4373 955 4446; x_wconf 93' lang='lat' dir='ltr'>diu</span> <span class='ocrx_word' id='word_1_283' title='bbox 979 4398 1000 4451; x_wconf 84' lang='lat' dir='ltr'>a</span> <span class='ocrx_word' id='word_1_284' title='bbox 1027 4398 1111 4471; x_wconf 85' lang='lat' dir='ltr'>rege</span> <span class='ocrx_word' id='word_1_285' title='bbox 1136 4373 1320 4471; x_wconf 71' lang='lat' dir='ltr'>neglesla‚</span> <span class='ocrx_word' id='word_1_286' title='bbox 1339 4302 1420 4450; x_wconf 76' lang='lat' dir='ltr'>iese</span> <span class='ocrx_word' id='word_1_287' title='bbox 1437 4380 1518 4453; x_wconf 58' lang='lat' dir='ltr'>hat</span> 
     </span>
     <span class='ocr_line' id='line_1_35' title="bbox 274 4464 1518 4569; baseline 0.002 -23"><span class='ocrx_word' id='word_1_288' title='bbox 274 4472 351 4546; x_wconf 89' lang='lat' dir='ltr'>bitu</span> <span class='ocrx_word' id='word_1_289' title='bbox 378 4467 478 4564; x_wconf 85' lang='lat' dir='ltr'>regio</span> <span class='ocrx_word' id='word_1_290' title='bbox 507 4465 658 4569; x_wconf 86' lang='lat' dir='ltr'>(scilicet</span> <span class='ocrx_word' id='word_1_291' title='bbox 683 4485 719 4540; x_wconf 86' lang='lat' dir='ltr'>et</span> <span class='ocrx_word' id='word_1_292' title='bbox 743 4464 874 4555; x_wconf 86' lang='lat' dir='ltr'>vestis,</span> <span class='ocrx_word' id='word_1_293' title='bbox 901 4490 938 4542; x_wconf 85' lang='lat' dir='ltr'>et</span> <span class='ocrx_word' id='word_1_294' title='bbox 963 4480 1137 4560; x_wconf 87' lang='lat' dir='ltr'>coronae,</span> <span class='ocrx_word' id='word_1_295' title='bbox 1164 4474 1263 4567; x_wconf 89' lang='lat' dir='ltr'>cujus</span> <span class='ocrx_word' id='word_1_296' title='bbox 1289 4470 1427 4544; x_wconf 89' lang='lat' dir='ltr'>mentio</span> <span class='ocrx_word' id='word_1_297' title='bbox 1444 4470 1518 4547; x_wconf 66' lang='lat' dir='ltr'>cll:</span> 
     </span>
     <span class='ocr_line' id='line_1_36' title="bbox 270 4561 1526 4741; baseline 0.007 -103"><span class='ocrx_word' id='word_1_298' title='bbox 270 4591 308 4648; x_wconf 79' lang='lat' dir='ltr'>e,</span> <span class='ocrx_word' id='word_1_299' title='bbox 334 4566 380 4651; x_wconf 83' lang='lat' dir='ltr'>Il:</span> <span class='ocrx_word' id='word_1_300' title='bbox 410 4584 464 4660; x_wconf 75' lang='lat'>17,</span> <span class='ocrx_word' id='word_1_301' title='bbox 490 4564 660 4666; x_wconf 70' lang='lat' dir='ltr'>respeslu.</span> <span class='ocrx_word' id='word_1_302' title='bbox 710 4562 817 4672; x_wconf 82' lang='lat' dir='ltr'>Quod</span> <span class='ocrx_word' id='word_1_303' title='bbox 836 4587 878 4664; x_wconf 60' lang='lat' dir='ltr'>⁸c.</span> <span class='ocrx_word' id='word_1_304' title='bbox 905 4565 954 4642; x_wconf 90' lang='lat' dir='ltr'>V:</span> <span class='ocrx_word' id='word_1_305' title='bbox 976 4590 1008 4644; x_wconf 85' lang='lat'>1.</span> <span class='ocrx_word' id='word_1_306' title='bbox 1033 4569 1164 4648; x_wconf 77' lang='lat' dir='ltr'>induere</span> <span class='ocrx_word' id='word_1_307' title='bbox 1182 4593 1318 4668; x_wconf 81' lang='lat' dir='ltr'>regnum</span> <span class='ocrx_word' id='word_1_308' title='bbox 1333 4561 1526 4741; x_wconf 53' lang='lat' dir='ltr'>singulag}</span> 
     </span>
    </p>

    <p class='ocr_par' dir='ltr' id='par_1_4' title="bbox 799 4685 1459 4765">
     <span class='ocr_line' id='line_1_37' title="bbox 799 4685 1459 4765; baseline 0.002 -26"><span class='ocrx_word' id='word_1_309' title='bbox 799 4746 804 4753; x_wconf 21' lang='lat'>⁵</span> <span class='ocrx_word' id='word_1_310' title='bbox 1286 4685 1459 4765; x_wconf 76' lang='lat' dir='ltr'>exprimit</span> 
     </span>
    </p>
   </div>
   <div class='ocr_carea' id='block_1_3' title="bbox 0 0 1792 5884">
    <p class='ocr_par' dir='ltr' id='par_1_5' title="bbox 0 0 1792 5884">
     <span class='ocr_line' id='line_1_38' title="bbox 0 0 1792 5884; baseline 0 13"><span class='ocrx_word' id='word_1_311' title='bbox 0 0 1792 5884; x_wconf 95' lang='lat' dir='ltr'> </span> 
     </span>
    </p>
   </div>
  </div>
 </body>
</html>
