3575 5884
276 1074 354 1153 §90
531 1001 544 1010 ἢ
623 1051 772 1155 {istoria
791 1048 1095 1157 Ecclassassirai'.
1118 1048 1164 1133 T.

278 1236 315 1311 sa
337 1232 545 1325 berenices,
570 1231 823 1332 pulcherrimae
846 1232 1046 1326 foeminae,
1070 1234 1110 1310 in
1135 1231 1239 1332 cujus
1254 1254 1391 1313 amores
1408 1230 1483 1310 adeo

280 1336 457 1409 exarserat
484 1332 608 1418 Titus,
633 1347 672 1402 ut
696 1355 774 1406 eam
802 1351 951 1407 uxorem
974 1332 1103 1409 ducere
1119 1331 1352 1429 cogitaverit.
1394 1332 1481 1406 Haec

280 1454 370 1505 vero
393 1428 561 1503 Berenice
585 1445 695 1523 nupta
719 1426 876 1525 primum
897 1426 1011 1504 fuerat
1037 1429 1179 1504 Herodi
1207 1428 1403 1520 Chalcidis,
1466 1466 1480 1484 ·

282 1544 365 1600 truo
391 1527 482 1621 ejus,
506 1521 608 1612 dein,
636 1546 682 1595 eo
701 1543 869 1615 mortuo,
893 1524 1098 1614 Polemoni,
1122 1521 1272 1598 Ciliciae
1298 1549 1383 1623 prae
1469 1575 1482 1615 ,

280 1626 340 1698 vel
367 1622 461 1730 regi,
485 1618 559 1714 ejus
583 1623 683 1693 causa
708 1619 936 1720 circumciso,
961 1639 998 1694 et
1026 1622 1160 1719 Judaeo
1184 1619 1303 1710 [λᾶος
1330 1647 1431 1718 quem
1446 1621 1483 1694 ob

280 1719 435 1792 libidims
450 1713 778 1813 intemperantiam,
803 1737 843 1790 ut
855 1716 1053 1807 serebatur,
1073 1715 1173 1791 brevi
1190 1716 1371 1807 deseruit,
1396 1738 1486 1815 quau·

278 1813 327 1887 do
367 1832 405 1886 et
442 1810 517 1906 ipse
558 1811 761 1909 professioni
793 1812 957 1910 Judaicae
993 1813 1246 1901 renunciavit,
1296 1814 1370 1910 Jos.
1414 1815 1486 1904 Aut.

278 1908 362 1987 XX.
411 1912 599 1998 Ceterum,
624 1924 664 1982 ut
678 1908 713 1981 id
731 1907 848 1983 obiter
865 1910 1071 2001 observem,
1097 1909 1198 2005 regni
1218 1909 1399 1996 Chalcidis
1413 1909 1485 1984 duae

277 2005 423 2080 fuerunt
448 2004 659 2112 praecipuae
683 2023 818 2102 partes,
842 2030 909 2079 uno
934 2029 1075 2102 campus
1097 2005 1284 2101 Marsyae,
1318 2006 1414 2079 inter
1438 2002 1493 2075 tr:

279 2104 410 2177 barrum
434 2120 472 2174 et
496 2099 760 2191 Auulibanum,
785 2103 845 2175 ubi
868 2101 957 2177 duae
973 2106 1096 2190 urbes,
1120 2100 1328 2198 Heliopolis
1345 2123 1384 2175 et
1401 2100 1487 2176 Chal·

280 2198 354 2289 eis,
389 2201 496 2274 altera
522 2217 726 2272 montanum
751 2198 935 2293 Marsyae,
959 2198 1053 2294 quod
1075 2197 1164 2270 ultra
1188 2197 1435 2272 Antilibanum
1453 2193 1489 2269 ad

280 2296 457 2370 Ituraeam
491 2296 598 2389 usque
627 2292 831 2389 protensum
855 2293 952 2381 suita
989 2317 1076 2390 quae
1108 2311 1278 2366 montana
1315 2294 1490 2382 Marsae,

281 2411 322 2481 et
346 2392 586 2478 Ituraeorum,
619 2387 786 2484 contigua
809 2387 971 2478 fuerunt,
1005 2386 1092 2463 teste
1114 2391 1312 2480 Strabone,
1345 2392 1489 2466 habitata

280 2491 325 2561 ab
350 2486 495 2560 Ituraeis
523 2503 559 2556 et
589 2484 780 2570 Arabibus,
823 2484 989 2557 maleficis
1020 2483 1194 2558 omnibus.
1244 2487 1388 2561 Ituraea
1411 2506 1489 2560 vero

281 2606 320 2660 et
347 2580 598 2669 Trachonitis,
623 2578 777 2676 Philippi
808 2579 1039 2654 Tetrarchiae
1056 2580 1251 2675 subjeciae,
1277 2583 1424 2657 fuerunt
1441 2578 1487 2655 vi·

280 2681 404 2769 cinae,
438 2702 506 2752 nec
525 2680 630 2773 longe
654 2680 696 2750 ab
724 2698 809 2772 agro
831 2677 1049 2751 Damasceno
1074 2696 1249 2765 remotae,
1296 2676 1489 2761 Trachouir

280 2780 347 2861 tis,
374 2777 409 2846 ei
437 2773 605 2868 propior,
630 2791 668 2844 et
686 2776 821 2844 ituraea
842 2771 1016 2846 Arabibus
1038 2772 1282 2871 propinquior.
1331 2775 1418 2849 vid.
1443 2775 1487 2849 ΕΙ.

276 2875 463 2946 Burmann.
488 2867 526 2940 in
562 2867 765 2963 eonjeetan.
798 2866 842 2940 ad
873 2871 960 2942 Luc.
986 2871 1050 2942 lll:
1080 2895 1111 2944 1.
1144 2870 1284 2943 insertis
1320 2872 1485 2959 Hannon.

278 2971 377 3042 Euan
405 3021 413 3037 .
441 2981 530 3037 tom.
557 2965 606 3050 l.,
641 2964 702 3036 ubi
727 2961 837 3036 etiarn
870 2964 915 3036 de
941 2963 1112 3055 Abilene,
1153 2968 1190 3038 in
1224 2988 1327 3062 parre
1359 2962 1490 3042 australi

274 3065 403 3137 Libana
426 3083 468 3133 ac
493 3058 710 3146 Antilibani,
745 3060 923 3154 praeclare
947 3060 1118 3138 disseruit.
1164 3063 1284 3135 Nobis
1312 3064 1487 3148 nonlicet

276 3160 346 3243 else
394 3154 628 3230 rolixioribus.
678 3156 796 3258 Quare
821 3155 1029 3251 Prophetias
1055 3160 1103 3231 V.
1137 3176 1174 3230 et
1199 3160 1249 3232 N.
1277 3162 1325 3234 T.
1353 3161 1485 3233 de-tre·

276 3183 409 3333 mendo
437 3254 506 3326 hoc
532 3250 639 3349 Reip.
667 3250 831 3347 Judaicae
853 3251 1016 3340 excidio,
1041 3255 1131 3329 bene
1157 3255 1280 3329 multas
1304 3276 1344 3328 ct
1366 3258 1485 3343 claras,

278 3377 418 3454 quoquc
442 3347 602 3447 proferte
628 3346 851 3444 supersedeo,
888 3372 933 3421 eo
961 3350 1096 3446 magis,
1128 3350 1220 3446 quod
1243 3349 1282 3425 in
1306 3354 1428 3426 libello
1449 3352 1491 3424 de'

276 3453 433 3526 Meritoria
458 3447 648 3539 Prophetico
672 3444 715 3516 de
742 3441 784 3514 iis
811 3445 957 3540 egerim.
1378 3529 1381 3534 ,

322 3545 354 3642 s.
381 3545 521 3618 1)va
525 3545 588 3618 lll.
614 3537 795 3638 Superest,
820 3561 858 3613 ut
876 3541 1014 3638 Jtffepli
1039 3538 1219 3631 historici,
1254 3544 1314 3640 qui
1343 3544 1381 3617 in
1399 3545 1488 3618 bello

275 3665 356 3717 curn
381 3639 553 3713 Romanis
577 3660 694 3735 partes
716 3636 858 3726 habuit,
883 3660 920 3712 ct
936 3637 1052 3730 gentis
1078 3640 1157 3714 suae
1181 3638 1255 3713 sato
1282 3664 1423 3736 quoque
1441 3640 1489 3714 su·

274 3733 453 3835 pervixit,
480 3736 642 3831 cujusque
672 3757 800 3806 nomen
823 3734 862 3807 in
887 3733 1030 3809 historia
1055 3734 1198 3828 Judaica
1224 3733 1276 3808 est
1303 3735 1489 3812 celeberri-

275 3856 393 3921 mum,
418 3829 584 3905 notitiam
610 3832 757 3925 aliquam
786 3831 1008 3931 subjungam,
1034 3830 1091 3902 sed
1107 3830 1248 3926 paucis,
1274 3855 1378 3921 cum,
1407 3853 1488 3927 quae

275 3933 318 4005 ad
343 3930 415 4024 ejus
441 3924 548 3996 vitam
575 3947 611 3999 et
637 3925 762 4015 scripta
787 3929 990 4021 pertinent,
1017 3926 1122 4000 susrus
1148 3926 1214 4001 stnt
1239 3929 1282 4001 ab
1310 3928 1408 4018 aliis,
1434 3930 1491 4002 in«

274 4026 399 4124 primis
426 4020 585 4094 Fabricio
611 4023 647 4094 in
677 4022 764 4095 Bibl.
795 4025 877 4113 Gn,
913 4026 1066 4101 tractata.
1110 4023 1189 4118 lpse
1214 4048 1355 4120 quoque
1383 4026 1491 4110 vitam

275 4124 369 4197 suam
394 4115 615 4223 conscripsit,
642 4141 730 4211 quae
753 4119 792 4191 in
810 4123 975 4217 operibus
999 4123 1073 4216 ejus
1101 4119 1273 4215 superesta
1301 4121 1394 4197 unde
1410 4145 1491 4218 pau·

279 4245 341 4307 ca,
372 4216 428 4286 sed
455 4214 644 4308 generalia,
674 4235 879 4308 excerpam,
906 4237 942 4290 et
967 4216 1188 4291 exstantiora.
1237 4216 1337 4293 Sicut
1362 4239 1495 4314 genere

278 4317 350 4392 suit
374 4308 530 4401 illustris,
567 4335 628 4407 per
652 4324 787 4412 patrem
821 4314 1016 4387 Matthiam
1042 4337 1087 4387 ex
1123 4311 1229 4408 stirpe
1256 4313 1494 4404 Sacerdotali,

277 4433 386 4509 saque
413 4405 524 4502 prima
553 4408 672 4491 classe,
704 4421 797 4476 mter
823 4428 870 4495 24
894 4408 986 4497 illas,
1020 4431 1108 4503 quae
1134 4428 1209 4480 erat
1233 4411 1432 4500 celebrior,
1457 4429 1496 4491 et

276 4535 340 4615 per
367 4522 514 4582 matrem
540 4529 586 4582 ex
611 4499 868 4598 Allunonaeir,
894 4503 955 4603 qui
971 4502 1252 4609 Pontificatum,
1278 4527 1317 4588 et
1341 4531 1499 4676 regnppn·

1474 4624 1495 4675 u
