3575 5884
233 599 1604 953 .-

626 1222 658 1234 ·-
761 1158 918 1251 Paehlur'
932 1162 1064 1253 usti:
1436 1186 1521 1278 ¹377

282 1352 509 1452 exprimitur
534 1349 669 1452 phrasi,
692 1375 759 1452 pro
786 1352 849 1428 srbi
872 1344 1021 1454 insignia
1044 1349 1354 1454 regni-adplicare)
1369 1342 1417 1432 'ad
1433 1382 1517 1456 por·

262 1472 361 1535 ,tam
389 1450 483 1548 regii
512 1449 684 1538 cubiculi,
719 1448 778 1525 ubi
799 1450 873 1546 jam
900 1451 1034 1525 throno
1057 1449 1246 1542 insidebat,
1272 1453 1315 1528 ad
1340 1453 1514 1532 audienti·

286 1568 347 1621 am
363 1546 451 1636 iuis,
481 1570 568 1643 quos
594 1544 782 1620 admittere
806 1548 968 1636 volebat,
993 1547 1245 1644 praebendam,
1269 1549 1341 1623 sese
1364 1548 1512 1646 sponte,

275 1662 329 1716 et
355 1665 473 1715 nona
499 1644 601 1740 Rege
633 1660 777 1740 rogata,
818 1662 878 1716 aut
901 1641 1080 1729 audientia
1106 1643 1253 1738 petita,
1283 1643 1513 1735 ostentaverit

288 1762 330 1812 re
357 1739 389 1827 i,
421 1759 460 1812 et
486 1738 614 1812 summa
639 1762 721 1811 cum
745 1737 876 1836 gratia,
917 1740 1086 1835 portello
1111 1739 1269 1836 sceptro,
1312 1739 1511 1837 Maiestatis

281 1832 441 1932 insigni,
465 1830 520 1907 ¹et¹
538 1834 670 1907 favoris
696 1833 873 1928 singularis
899 1835 1056 1924 indicio,
1100 1832 1208 1908 fuerit
1232 1834 1393 1912 admissa:⁴
1417 1838 1511 1929 a'deo

279 1931 397 2004 etiam
426 1947 467 2002 ut
502 1932 774 2026 qualemcunque
806 1932 880 2026 ejus
912 1930 1157 2026 petitionem,
1206 1952 1306 2025 quarn
1339 1934 1508 2031 grandem

285 2028 417 2115 etiam,
453 2024 559 2120 usque
582 2026 625 2098 ad
659 2029 820 2100 dimidium
844 2032 957 2122 regni,
992 2050 1055 2100 rex
1083 2025 1117 2099 ei
1142 2026 1345 2121 promiserit
1369 2030 1507 2126 inplen-

276 2123 386 2196 ¹dam:
411 2119 467 2192 uti
493 2145 570 2217 cap.
595 2121 644 2194 V.
677 2139 844 2195 narratur.
897 2145 930 2197 a.
957 2124 1153 2203 Secundum,
1169 2120 1240 2212 est,
1274 2122 1368 2218 quod
1389 2127 1507 2220 petie·

279 2218 336 2290 rit
351 2236 389 2289 et
413 2215 667 2311 inpetraverit,
692 2235 733 2289 ut
750 2238 813 2290 rex
838 2239 919 2289 cum
936 2217 1097 2292 Humane
1116 2217 1159 2291 ad
1177 2218 1389 2293 convivium·
1409 2220 1506 2297 suum

273 2312 491 2402 ¹accederet,
517 2310 647 2408 srbique
673 2331 759 2386 tunc
782 2312 908 2386 liceret
930 2311 1144 2411 petitionem
1170 2337 1370 2411 exponere,
1403 2330 1506 2412 praef·

283 2430 387 2482 terea
405 2408 524 2505 primo
548 2407 606 2481 die
630 2406 667 2480 id
690 2431 761 2481 non
785 2408 934 2499 fecerit,
968 2408 1027 2484 sed
1050 2409 1253 2506 sequentem
1276 2409 1503 2502 definiverit,

288 2508 386 2578 bona
406 2526 483 2578 cum
517 2503 611 2600 regis
642 2503 773 2601 gratia:
817 2504 863 2579 ib.
889 2529 979 2596 4-
1004 2506 1132 2596 Ratio,
1173 2530 1277 2602 quare
1310 2505 1436 2580 Esther
1465 2506 1506 2583 ia

288 2602 445 2690 secreto,
472 2618 511 2673 et
538 2622 610 2672 non
636 2601 798 2696 publico,
823 2601 905 2675 loco
929 2600 1146 2696 petitionem
1169 2604 1343 2676 declarare
1369 2598 1505 2701 voluit,

283 2717 324 2771 et
349 2695 493 2793 quidem
520 2714 684 2791 tempore
716 2695 898 2786 convivii,
930 2720 949 2767 a
975 2696 1167 2792 separati,
1199 2720 1284 2793 rege
1311 2715 1347 2770 et
1372 2698 1505 2772 Hama·
1601 2698 1607 2710 ’

282 2819 329 2867 ne
354 2811 492 2865 tantum
517 2790 775 2887 praesentibus,
817 2792 901 2867 inde
932 2789 1077 2865 videtur
1110 2793 1282 2888 petenda,
1317 2792 1433 2888 quod,
1465 2810 1507 2871 et

282 2889 381 2985 regis
406 2886 582 2961 adfecium
607 2910 688 2983 erga
713 2888 748 2962 se
773 2906 854 2960 ante
881 2905 1035 2978 tentare,
1061 2910 1129 2961 nec
1151 2886 1321 2962 Humanis
1346 2888 1505 2966 animum

285 3011 311 3058 a
338 2983 373 3054 se
400 2982 610 3073 abalienare,
652 3003 832 3078 praeterea
858 2983 1010 3057 Hamani
1048 3002 1184 3080 tempus
1216 3002 1252 3055 et
1285 2983 1506 3082 occasionem

289 3078 366 3155 sese
401 3078 608 3167 muniendi,
651 3078 878 3152 acEstherir
915 3079 1095 3151 confilium
1133 3079 1323 3179 eludendi,
1364 3081 1505 3180 eripere

287 3174 451 3252 voluerit.
500 3176 606 3279 Quod
629 3198 715 3261 vero
734 3197 804 3249 non
821 3198 906 3247 mox
924 3174 1039 3270 primo
1055 3174 1114 3248 die
1138 3174 1252 3271 epuli,
1279 3177 1336 3250 sed
1356 3177 1389 3250 se
1417 3202 1504 3253 uen-

288 3294 348 3358 te,
377 3271 413 3343 id
440 3272 590 3363 feccrit,
615 3271 697 3344 inde
717 3271 811 3343 forte
839 3269 1065 3343 derivandum
1091 3268 1163 3361 est,
1189 3273 1282 3368 quod
1308 3200 1508 3366 occuluntur

284 3368 566 3444 Mordachaeum
589 3367 682 3461 Regi
702 3364 988 3456 commendandi,
1014 3387 1051 3439 et
1068 3368 1264 3440 Hamanem
1292 3367 1506 3463 prostituen-

283 3464 347 3555 di,
376 3462 604 3563 quaesiverit,
639 3482 822 3558 antequam
847 3461 1179 3569 postulatumsuum
1201 3462 1286 3534 ausa
1310 3461 1418 3533 fuerit
1443 3486 1508 3538 etr-

288 3565 457 3661 primere.
506 3559 679 3633 Colluhsle
703 3557 791 3645 mihi
810 3559 963 3639 ¹vuletur
981 3558 1113 3630 Esther·
1127 3580 1210 3629 cum
1229 3555 1398 3629 eunuchis
1415 3557 1505 3652 suis,

284 3678 325 3737 et
352 3657 446 3756 regis
466 3654 712 3753 cubiculariis,
739 3656 866 3752 eosque
892 3653 929 3725 in
954 3673 1072 3750 partes
1097 3651 1170 3725 suas
1193 3650 1355 3742 traxisse,
1380 3653 1507 3733 habuit

287 3755 411 3851 utique
428 3777 491 3827 eos
513 3752 575 3825 srbi
600 3752 781 3839 faventes,
806 3749 857 3823 uti
875 3772 921 3822 ex
938 3773 969 3824 c.
996 3751 1064 3822 IV:
1091 3771 1125 3839 5.
1150 3767 1189 3822 et
1212 3747 1297 3823 VII:
1324 3773 1359 3841 9.
1388 3752 1504 3848 conji-

284 3875 370 3924 cere
385 3848 490 3938 licet,
509 3849 666 3944 adeoque
677 3844 947 3920 iisinmandatis
964 3844 1114 3934 dedisse,
1133 3863 1173 3918 ut
1190 3844 1316 3937 noue,
1336 3872 1421 3944 qua,
1446 3871 1504 3922 re·

288 3972 335 4045 ge
364 3944 556 4042 vigilante,
599 3945 735 4016 annales
763 3941 864 4051 regni
898 3941 1052 4015 solebant
1079 3938 1253 4039 praelegi,
1296 3944 1503 4041 pericopam

278 4044 501 4139 eligerent,
519 4064 606 4137 quae
632 4039 676 4111 de
704 4039 795 4111 cons
813 4037 963 4110 rratione
988 4037 1226 4111 eunuchorum
1253 4038 1289 4110 in
1314 4062 1454 4135 regem,
1480 4063 1503 4115 a

288 4136 535 4213 Mordachaeo
560 4134 717 4226 duella,
747 4154 849 4229 ag1t3
883 4151 923 4206 ut
946 4134 1021 4230 regi
1046 4133 1213 4208 summum
1232 4134 1313 4207 illud
1333 4131 1504 4213 benefici»

286 4258 347 4310 um
374 4232 604 4306 Mordachaei
637 4231 674 4304 in
706 4228 912 4303 memoriam
947 4250 1191 4306 revocaretur:
1232 4229 1318 4301 ficut
1342 4252 1405 4324 per
1428 4231 1503 4307 Dei
1622 4268 1625 4273 ·

290 4327 521 4407 duellionem
548 4353 588 4402 ea
613 4327 686 4422 ipsa
704 4326 810 4400 noete
834 4325 990 4424 contigit
1007 4351 1084 4424 cap.
1111 4329 1178 4401 VI.
1226 4325 1325 4396 Num
1349 4323 1385 4398 in
1405 4327 1503 4437 prio·

294 4450 332 4499 re
356 4425 526 4499 convivio
543 4424 696 4497 animum
715 4423 834 4513 suurn,
861 4423 946 4496 clam
963 4425 1144 4510 Hamane,
1169 4440 1306 4526 quoque
1324 4423 1502 4515 explrcue·

284 4521 338 4593 rit
362 4519 479 4610 Regi,
522 4545 670 4619 eumque
693 4520 765 4616 jam
790 4541 877 4593 tunc
892 4518 930 4592 in
954 4521 1149 4593 Hamanem
1177 4514 1430 4600 concitaverit,
1462 4538 1503 4592 ut

288 4638 371 4690 cum
395 4616 543 4690 Esthere
569 4636 681 4693 totam
704 4617 798 4711 illam
823 4617 986 4703 scenam,
1015 4633 1104 4714 quae
1129 4608 1246 4686 secuta
1273 4609 1344 4699 est,
1386 4610 1505 4685 subor-

337 4711 426 4791 Tan.
451 4714 504 4790 II.
849 4709 940 4788 Bbb
1347 4706 1510 4815 raverit,

1532 4878 1604 5040 -Ι
