3575 5884
305 1127 374 1222 388
646 1110 793 1211 tastorra
816 1101 1056 1206 Ecctessafitca
1077 1103 1121 1181 V.
1147 1101 1189 1179 Τ.

298 1295 437 1396 cepille
463 1317 543 1372 ann.
571 1316 667 1369 ramo
682 1290 795 1390 regni.
842 1288 1098 1365 Intermedium
1116 1305 1255 1384 tempus
1279 1279 1526 1379 expeditioni,

303 1396 344 1472 in
365 1397 520 1470 Graecos
538 1390 779 1488 peragendae,
806 1384 954 1476 sufficit,
979 1383 1118 1482 incepit
1135 1406 1230 1458 emm
1248 1401 1344 1454 anno
1356 1379 1431 1486 ejus
1446 1387 1522 1486 oto,

302 1493 382 1581 vel,
405 1487 502 1655 ¹quod
527 1490 700 1560 Abramus
725 1505 763 1556 et
813 1507 976 1581 ungman.
1002 1484 1149 1572 volunt,
1175 1499 1269 1574 ymo,
1310 1493 1350 1548 et
1379 1480 1521 1549 brennto

305 1587 383 1661 fere
432 1584 506 1655 nita
522 1581 585 1657 cst.
625 1583 749 1661 Altera
766 1578 951 1654 difficultas
977 1603 1022 1653 ex
1049 1577 1160 1651 nimia
1175 1569 1415 1649 Mordachaei
1430 1589 1519 1645 aeta·

301 1701 359 1770 te,
398 1679 612 1776 srtempote
641 1676 769 1750 Xerxis
797 1676 953 1764 vixerit,
999 1692 1099 1764 nata,
1138 1695 1186 1744 eo
1220 1669 1349 1743 nititur
1372 1665 1516 1740 sublesto

297 1776 551 1864 fundamenm,
577 1772 671 1870 quod
693 1795 772 1844 cum
780 1772 966 1938 lpechonia
981 1771 1164 1853 censeatur
1180 1766 1219 1840 in
1246 1763 1393 1839 exilium
1411 1763 1516 1837 aNe·

297 1871 538 1947 bucadnezare
564 1867 747 1956 abdutlus,
812 1865 876 1940 sth.
902 1870 951 1940 11:
976 1873 1009 1941 6.
1056 1860 1177 1939 Potest
1202 1861 1298 1936 enim
1333 1882 1447 1954 aeque
1472 1861 1517 1935 sa·

273 1966 367 2042 ⁸cile
387 1965 430 2038 de
447 1965 637 2061 majoribus
655 1965 728 2058 ejus
745 1961 920 2059 intelligi,
944 1986 984 2037 ac
1002 1961 1046 2034 de
1066 1962 1169 2056 Ipso;
1193 1957 1299 2032 itaut
1321 1956 1439 2031 senlits
1455 1955 1514 2051 stt,

297 2085 371 2138 non
394 2061 506 2159 ipsum
526 2083 609 2136 tunc
635 2061 704 2133 ell'e
728 2060 973 2156 deportatum,
998 2058 1056 2131 sed
1071 2056 1114 2130 ad
1138 2078 1214 2128 eam
1238 2052 1422 2151 pertinere
1439 2074 1514 2151 cap-

299 2159 502 2248 tivitatem,
525 2158 585 2233 seu
600 2176 769 2261 tunnam,
791 2178 877 2250 quae
895 2173 1056 2250 tempore
1069 2148 1266 2322 ¹lechoniae
1283 2146 1336 2223 est
1350 2144 1515 2255 abdudlu

298 2254 457 2351 adeoque
492 2278 572 2327 eum
608 2273 692 2324 tunc
725 2275 762 2321 tn
796 2250 1000 2344 parentibus
1024 2273 1069 2321 ve
1106 2245 1300 2343 majoribus
1320 2241 1423 2320 futffe
1450 2251 1512 2323 Ba·

295 2351 412 2428 belem
439 2348 658 2421 transsatum:
686 2369 731 2417 ne
757 2344 891 2433 dicam,
925 2344 1050 2418 referri
1076 2343 1173 2441 polle
1196 2341 1387 2416 relativum
1415 2338 1515 2435 'wls

293 2452 350 2544 qui
374 2443 539 2520 abdallas
573 2441 646 2530 est,
686 2440 729 2511 ad
756 2437 918 2548 proxime
951 2440 1224 2536 praecedentem
1258 2435 1369 2512 Kisch
1402 2444 1518 2543 Jeme

293 2540 428 2713 nlitamf}
462 2562 571 2614 unum
586 2561 620 2617 ,e
642 2537 831 2632 majoribus
853 2535 948 2632 ejus:
990 2535 1081 2609 srcut
1107 2533 1278 2610 1Chron.
1303 2534 1371 2609 IX:
1399 2545 1456 2616 16.
1480 2560 1517 2615 et

292 2637 377 2717 albi
432 2654 456 2710 t.
1552 2637 1556 2646 ’

341 2732 384 2830 l„
400 2730 564 2808 CCCXC.
599 2727 829 2804 Tradatione
852 2724 1029 2807 intervalli
1053 2726 1226 2818 absoluta,
1260 2744 1450 2823 antequam
1471 2729 1513 2806 ad

291 2827 441 2920 sequens
475 2845 512 2896 et
535 2825 694 2897 ultimum
724 2827 915 2917 transeam,
959 2852 979 2901 a
1004 2829 1113 2922 scopo
1145 2824 1313 2897 nouerit
1339 2828 1514 2916 alienum,

291 2919 432 2998 illustris
460 2918 613 3009 oraculi,
654 2919 696 2993 ad
719 2921 906 2995 Danielem
931 2922 1003 2996 hoc
1035 2923 1219 2995 intervallo
1295 2941 1316 2991 r
1339 2921 1512 3022 Angelum

291 3013 402 3126 delati
435 3035 466 3087 c.
491 3015 556 3086 IX:
585 3037 643 3121 24.
684 3041 754 3112 quo
784 3034 908 3112 tempus
935 3018 1084 3092 Melitae
1113 2943 1381 3108 manifestindi,
1422 3019 1510 3116 quod

290 3111 353 3195 luc
379 3108 556 3203 adsumere
585 3111 694 3199 licet,
738 3113 924 3201 definitur,
965 3110 1231 3201 demonstrasse,
1272 3131 1312 3185 et
1337 3113 1510 3191 illustrasse

289 3205 490 3305 epocham,
517 3202 738 3300 posteaquam
785 3211 959 3280 eneralem
976 3211 1049 3305 ejus
1072 3207 1288 3282 intelledlum
1314 3211 1436 3305 paucis
1450 3212 1507 3284 de·

287 3305 387 3393 dero.
437 3306 524 3376 Cum
550 3299 683 3409 dietum
701 3234 838 3391 suidet,
866 3327 914 3396 70
926 3304 1130 3398 septimanis
1158 3303 1330 3400 expletis,
1357 3307 1508 3380 luculen-

288 3422 325 3478 ta
351 3402 388 3475 in
413 3401 580 3497 populum
613 3399 683 3470 Der
712 3399 928 3471 conserenda
960 3400 1028 3474 elle
1056 3402 1147 3475 bona
1173 3397 1364 3494 spiritualia
1389 3422 1427 3475 et
1446 3425 1502 3476 eu·

284 3497 466 3590 angelica,
491 3520 554 3592 per
579 3495 740 3567 Meffiam
767 3493 977 3585 adferenda,
1002 3523 1037 3571 v.
1065 3520 1122 3588 24.
1148 3496 1240 3592 quod
1266 3495 1340 3570 sme
1364 3496 1506 3588 demon·

283 3590 455 3666 stratione
479 3616 521 3665 ac
548 3590 805 3687 explicatione,
850 3591 981 3688 quippe
1009 3615 1080 3665 non
1106 3595 1208 3688 hujus
1230 3591 1323 3682 loci,
1367 3618 1509 3694 quoque

283 3687 484 3782 supponere
516 3686 567 3760 sas
603 3686 676 3775 est,
718 3686 930 3784 septimanae
953 3687 1054 3776 illae,
1087 3686 1247 3783 respctlu
1275 3680 1511 3766 terminorum

284 3805 388 3876 aquo
415 3798 451 3851 et
480 3786 525 3879 ad
547 3806 658 3876 quem,
684 3803 721 3855 et
739 3808 856 3857 rerum
881 3784 1264 3880 repraesentandam,
1288 3783 1511 3876 distinetius„

284 3895 324 3954 et
346 3899 410 3974 per
437 3895 572 3968 partes,
615 3900 850 3973 exponuntur.
903 3903 934 3953 1.
964 3881 1155 3954 Terminus
1174 3905 1271 3975 aquo
1296 3876 1510 3976 ponitur'in

281 3971 527 4144 publicatione
563 3971 671 4081 edisti
708 3973 751 4047 de
786 3974 1042 4052 reaedificanda
1069 3977 1335 4073 Hierosolyma,
1376 4002 1421 4058 ac
1453 3979 1504 4052 in·

316 4068 471 4145 auranda.
521 4087 555 4136 2.
581 4069 677 4144 Dem
715 4070 927 4167 septimanae
960 4073 998 4146 in
1024 4075 1095 4147 duo
1131 4072 1372 4169 dispescuntur
1398 4074 1510 4150 inter·

279 4168 387 4271 valla,
416 4172 463 4258 69
487 4161 767 4255 hebdomadum,
802 4173 979 4257 etunius,
1008 4193 1095 4266 quae
1122 4192 1224 4261 yoma
1248 4166 1322 4257 est;
1358 4188 1396 4243 et
1422 4171 1512 4267 quid

278 4263 318 4337 in
335 4261 422 4347 llis,
449 4278 485 4333 et
505 4256 601 4354 post,
630 4259 791 4351 accidet,
818 4261 978 4337 traditur.
1026 4295 1061 4339 a.
1084 4265 1308 4360 Septimanae
1328 4273 1379 4357 69
1391 4270 1513 4342 rursus

276 4354 416 4449 induas
443 4376 706 4463 partes,·unam
734 4378 778 4446 7,
804 4360 945 4431 alteram
972 4367 1018 4433 62
1036 4360 1315 4452 hebdomadum,
1341 4360 1509 4437 dividun-

276 4475 354 4542 tur,
388 4469 483 4539 eta.
513 4453 658 4526 tradrtur
686 4449 799 4544 spatio
826 4477 847 4547 7
875 4453 1008 4527 illarum
1036 4455 1308 4530 reaedificandae
1338 4450 1405 4532 else
1430 4460 1510 4556 pla·

273 4570 349 4641 ,teas
364 4572 405 4631 ac
422 4545 526 4626 forsas
543 4546 842 4646 Hierosolymae,
867 4550 1026 4648 adeoque
1042 4552 1165 4629 urbem
1180 4552 1354 4635 aedificiis
1378 4579 1511 4630 ornan·

1497 4706 1519 4745 5
