3575 5884
756 1008 920 1112 instruar
938 1011 1085 1091 man.

307 1216 373 1291 pra
390 1188 536 1267 modurn
554 1188 774 1276 ambitiosus,
800 1211 837 1264 et
854 1191 1042 1288 superbus,
1068 1175 1207 1290 sibique
1219 1188 1419 1270 confidens.
1457 1188 1511 1268 n·
1551 1184 1552 1197 '

308 1312 388 1363 mae
413 1289 600 1386 quinquies
619 1284 851 1378 triumphavit
869 1290 914 1361 de
935 1288 1086 1364 totidem
1103 1290 1289 1386 vicioriis,
1315 1291 1374 1365 sed
1392 1293 1433 1366 de
1450 1280 1510 1390 Gai

201 1436 206 1443 -
309 1385 374 1475 ris,
399 1386 579 1460 Helvetiis
603 1404 640 1457 et
668 1381 857 1456 Germanis
885 1382 995 1459 simul.
1043 1389 1087 1460 In
1110 1389 1361 1483 eupraeelare
1385 1390 1428 1460 de
1450 1410 1510 1481 rep,

309 1481 462 1568 meruit,
489 1481 600 1578 quod,
634 1496 775 1576 praeter
803 1479 1019 1555 sanstionem
1043 1483 1178 1579 legum,
1212 1504 1249 1556 et
1273 1483 1509 1576 magistratuum

309 1577 589 1664 ordinationem,
615 1573 721 1648 fastos
746 1577 1091 1672 quoquecorrexit,
1125 1601 1163 1651 et
1188 1582 1429 1653 Calendarium
1453 1580 1508 1651 Ro

309 1696 468 1756 manum,
504 1670 593 1744 adeo
620 1687 847 1765 corruptum,
889 1693 929 1746 ut
954 1671 1060 1748 aestas
1086 1672 1161 1746 fere
1185 1673 1226 1747 in
1251 1678 1417 1772 hyemem
1441 1673 1509 1746 inci·

309 1769 422 1855 derit,
450 1765 639 1840 reformari
656 1767 814 1857 curavit,
840 1791 934 1842 anno
959 1768 1002 1843 ad
1017 1770 1154 1843 'cursum
1182 1770 1263 1843 solis
1288 1769 1508 1844 adcommoda·

308 1883 368 1954 to,
411 1881 451 1935 ut
477 1861 520 1936 sit
555 1871 626 1956 365
650 1861 806 1952 dierum,
852 1883 911 1953 et,
956 1865 1180 1939 intercalario
1213 1865 1337 1940 mense
1375 1867 1507 1950 sublato,

305 1981 396 2033 unus
419 1957 495 2031 dies
522 1978 645 2055 quarto
670 1959 795 2054 quovis
832 1984 926 2035 anuo
954 1963 1231 2035 intercalaretur.
1283 1962 1428 2035 Accidit
1454 1961 1507 2031 hoc

305 2080 337 2132 a.
363 2059 410 2129 U.
437 2063 528 2148 708,
555 2054 647 2127 unde
672 2052 754 2126 anni
778 2055 908 2150 Juliani
936 2080 1075 2130 nomen.
1095 2076 1333 2153 aeceperunt,
1359 2060 1419 2154 qui
1431 2077 1507 2130 anno

306 2153 377 2247 seq.
396 2151 629 2245 inceperunt,
655 2151 704 2223 ita
720 2171 759 2222 ut
774 2151 907 2245 primus
925 2152 967 2226 [ιι
984 2177 1015 2228 a.
1036 2156 1083 2227 U.
1100 2156 1139 2227 C.
1159 2176 1253 2247 709,
1280 2153 1342 2249 qui
1360 2153 1410 2227 est
1421 2171 1508 2245 artur

306 2269 388 2321 ante
417 2245 592 2319 Christum
617 2264 751 2318 natum.

320 2418 323 2424 ,
353 2343 384 2442 §-
412 2341 592 2414 DLXXX.
636 2344 855 2433 ottavianus,
900 2336 1022 2453 postea·
1053 2342 1174 2439 Caesar
1199 2340 1370 2440 Augustus
1393 2340 1494 2417 distus

304 2463 369 2535 per
397 2438 511 2511 aviam
535 2455 746 2527 maternam,
774 2439 928 2512 Caesaris
953 2440 1130 2527 sororem,
1156 2439 1284 2535 Juliam
1311 2441 1376 2536 ipsi
1407 2393 1508 2513 neces·

303 2534 453 2608 sttudine
477 2530 703 2626 conjuretis,
743 2533 867 2607 haeres
894 2560 918 2608 a
942 2535 1083 2609 Caesare
1107 2534 1341 2609 Testamento
1376 2535 1511 2629 scriptur

302 2652 343 2705 et
368 2630 571 2727 adoptatur,
612 2628 683 2702 sese
709 2652 815 2719 mox,
855 2631 1001 2713 Caesare
1037 2651 1199 2722 mortuo,
1242 2633 1348 2704 talem
1383 2629 1511 2728 quidem

302 2728 427 2824 gessit,
454 2745 490 2797 et
507 2725 550 2796 ab
573 2747 618 2794 eo
645 2743 716 2796 tem
749 2749 811 2798 ore
837 2749 916 2800 ann.
944 2749 990 2821 57
1016 2730 1073 2801 M.
1099 2751 1133 2818 5.
1162 2725 1336 2822 praefuit,
1362 2727 1421 2801 sed
1438 2749 1511 2799 con·

299 2825 449 2899 sulatum
476 2817 637 2892 nonnisi
667 2819 706 2892 vi
745 2842 788 2908 o,
822 2839 859 2894 et
883 2823 1117 2898 reconciliato
1141 2821 1327 2912 Antonio,
1352 2849 1375 2898 a
1403 2824 1513 2896 senatu

300 2914 470 3010 accepit,
520 2912 615 2986 unde
656 2915 738 2989 anni
779 2917 916 3012 Inperii
946 2917 1021 3014 ejus
1057 2926 1106 3011 56
1137 2935 1376 3009 numerantur.
1435 2919 1513 2992 Cum

301 3016 396 3089 enim
423 3007 602 3082 Antonius
627 3009 691 3107 ipsi
719 3011 818 3084 litem
844 3013 888 3087 de
914 3011 1132 3088 haereditate
1157 3033 1343 3105 moveret,
1382 3033 1421 3088 et
1446 3036 1514 3110 pat·

296 3133 375 3186 tem
402 3103 641 3203 praeriperet,
667 3107 757 3179 bello
775 3109 817 3178 ab
838 3107 1038 3183 petaviano
1056 3109 1209 3203 petitus,
1234 3108 1403 3183 Antonio
1423 3106 1514 3182 hoste

300 3232 323 3284 a
347 3207 467 3280 senatu
490 3201 685 3291 declarato,
710 3221 748 3273 et
776 3202 853 3296 ipso
878 3206 1109 3300 Propraetore
1135 3200 1352 3295 constituto,
1378 3206 1424 3280 ad
1439 3208 1513 3278 Mu·

296 3307 415 3380 rinam
449 3297 601 3386 Galliae,
642 3320 745 3393 qnam
768 3322 788 3369 a
815 3297 932 3372 Decio
957 3302 1069 3375 Bruto
1100 3299 1259 3374 insessam
1293 3303 1515 3398 oppugnabat

298 3397 503 3485 Antonius,
531 3393 641 3468 virius
666 3393 740 3482 est,
774 3393 832 3467 sed
861 3394 954 3468 etei
980 3396 1252 3484 reconciliatur,
1273 3395 1363 3469 adeo
1380 3417 1422 3470 ut
1437 3418 1512 3470 con·

294 3518 355 3571 tra
382 3494 540 3566 omnium
568 3490 775 3587 opinionem
803 3489 1042 3565 triumviratus
1072 3493 1167 3566 inter
1191 3513 1253 3564 eos
1276 3511 1314 3563 et
1339 3489 1512 3587 Lepidum

291 3590 410 3669 ‘fuerit
439 3586 593 3676 erestus,
619 3587 781 3660 Antonio
806 3587 910 3676 Afra,
945 3587 1087 3684 Lepido
1111 3585 1260 3674 Africa,
1290 3606 1328 3659 et
1354 3587 1513 3668 octavia·

293 3713 350 3764 no
372 3688 513 3777 Europa
544 3683 741 3772 commissa3
775 3683 918 3778 quando
940 3685 1156 3758 consulatum
1183 3706 1253 3779 quo
1280 3706 1324 3755 ue
1359 3682 1515 3782 senatui,

292 3808 375 3861 non
402 3781 472 3853 sme
498 3778 623 3871 minis,
648 3777 813 3857 extorsit.
856 3778 998 3854 Deinde
1025 3782 1134 3854 Bruto
1157 3781 1241 3850 etC
1302 3802 1324 3849 o
1353 3781 1447 3877 apud
1465 3801 1515 3853 ur·

291 3885 383 3957 ·bem
408 3873 589 3968 Philippos
614 3878 656 3948 ab
682 3874 758 3970 ipso
790 3893 827 3948 et
851 3875 1018 3950 Antonio
1047 3873 1239 3972 superatis,
1277 3871 1412 3971 quippe
1438 3874 1518 3970 qui,

299 3979 385 4054 iicet
409 3969 583 4057 virtores,
608 3971 679 4046 sese
709 3970 824 4044 vietus
851 3992 1038 4067 putantes,
1070 3971 1133 4045 srbi
1157 3993 1276 4042 manus
1301 3969 1515 4061 intulerunt,

287 4079 411 4148 ·Sext0
432 4090 570 4164 quoque
584 4066 774 4161 Pompejo,
800 4067 859 4162 qui
885 4092 906 4140 a
923 4067 1116 4142 triumviris
1137 4062 1358 4162 proscriptos
1373 4090 1515 4163 recepe·

288 4189 373 4256 ³rat,
414 4184 451 4233 et
477 4163 585 4237 maria
616 4161 770 4258 undique
803 4162 1008 4253 infestabat,
1050 4189 1114 4261 per
1136 4161 1353 4257 Agrippam,
1395 4163 1520 4235 ducem·

287 4258 490 4341 ¹Otiuuiani
519 4259 556 4331 in
572 4255 708 4346 Sicilia,
734 4257 855 4347 virio,
883 4258 1034 4356 indeque
1053 4257 1219 4356 enpuls0,
1243 4280 1283 4329 ac
1298 4253 1420 4353 postea
1438 4283 1518 4354 cap·-

286 4383 359 4448 ·10,
388 4375 424 4429 et
450 4353 591 4444 occiso,
614 4352 752 4451 Lepido
771 4352 946 4448 denique,
974 4353 1143 4450 quietam
1168 4376 1248 4426 cum
1265 4354 1441 4451 Pompej0
1460 4379 1522 4451 pe.

279 4457 460 4579 pigent,
489 4450 711 4534 triumviratu
725 4448 891 4553 privato,
917 4450 1045 4531 bellura
1061 4447 1398 4561 interDuuruvires
1424 4473 1530 4631 effi
